symbol,isin,trade_date,exchange,segment,series,trade_type,auction,quantity,price,trade_id,order_id,order_execution_time
ONGC,INE213A01029,27/01/23,NSE,EQ,EQ,buy,FALSE,200,146.85,53040047,1.2E+15,2023-01-27T12:39:13
RECLTD,INE020B01018,27/01/23,NSE,EQ,EQ,buy,FALSE,100,113,79114388,1.3E+15,2023-01-27T12:53:14
RECLTD,INE020B01018,27/01/23,NSE,EQ,EQ,buy,FALSE,100,114.55,80163773,1.3E+15,2023-01-27T14:05:54
BHEL,INE257A01026,27/01/23,NSE,EQ,EQ,buy,FALSE,40,73.15,6112658,1E+15,2023-01-27T14:06:24
IDFCFIRSTB,INE092T01019,31/01/23,NSE,EQ,EQ,buy,FALSE,208,57.7,27024187,1.1E+15,2023-01-31T11:08:51
IDFCFIRSTB,INE092T01019,31/01/23,NSE,EQ,EQ,buy,FALSE,542,57.7,27024186,1.1E+15,2023-01-31T11:08:51
JSWSTEEL,INE019A01038,31/01/23,NSE,EQ,EQ,buy,FALSE,1,718.25,51826081,1.2E+15,2023-01-31T11:14:18
JSWSTEEL,INE019A01038,31/01/23,NSE,EQ,EQ,buy,FALSE,49,718.25,51826080,1.2E+15,2023-01-31T11:14:18
RBLBANK,INE976G01028,31/01/23,NSE,EQ,EQ,buy,FALSE,32,153.75,77064989,1.3E+15,2023-01-31T11:14:50
RBLBANK,INE976G01028,31/01/23,NSE,EQ,EQ,buy,FALSE,68,153.75,77064988,1.3E+15,2023-01-31T11:14:50
RBLBANK,INE976G01028,31/01/23,NSE,EQ,EQ,buy,FALSE,48,153.8,77072136,1.3E+15,2023-01-31T11:15:25
RBLBANK,INE976G01028,31/01/23,NSE,EQ,EQ,buy,FALSE,2,153.8,77072138,1.3E+15,2023-01-31T11:15:25
RBLBANK,INE976G01028,31/01/23,NSE,EQ,EQ,buy,FALSE,50,153.8,77072137,1.3E+15,2023-01-31T11:15:25
PFC,INE134E01011,31/01/23,NSE,EQ,EQ,buy,FALSE,150,140.3,51996962,1.2E+15,2023-01-31T11:30:33
PFC,INE134E01011,31/01/23,NSE,EQ,EQ,buy,FALSE,50,140.3,51996963,1.2E+15,2023-01-31T11:30:33
ICICIPRULI,INE726G01019,01/02/23,NSE,EQ,EQ,buy,FALSE,1,399.2,31172289,1.1E+15,2023-02-01T14:56:29
ICICIPRULI,INE726G01019,01/02/23,NSE,EQ,EQ,buy,FALSE,5,399.25,31172294,1.1E+15,2023-02-01T14:56:29
ICICIPRULI,INE726G01019,01/02/23,NSE,EQ,EQ,buy,FALSE,1,399.25,31172293,1.1E+15,2023-02-01T14:56:29
ICICIPRULI,INE726G01019,01/02/23,NSE,EQ,EQ,buy,FALSE,5,399.2,31172291,1.1E+15,2023-02-01T14:56:29
ICICIPRULI,INE726G01019,01/02/23,NSE,EQ,EQ,buy,FALSE,53,399.2,31172290,1.1E+15,2023-02-01T14:56:29
ICICIPRULI,INE726G01019,01/02/23,NSE,EQ,EQ,buy,FALSE,4,399.2,31172292,1.1E+15,2023-02-01T14:56:29
ICICIPRULI,INE726G01019,01/02/23,NSE,EQ,EQ,buy,FALSE,1,399.2,31172288,1.1E+15,2023-02-01T14:56:29
ICICIPRULI,INE726G01019,01/02/23,NSE,EQ,EQ,buy,FALSE,30,399.15,31172287,1.1E+15,2023-02-01T14:56:29
NFL,INE870D01012,01/02/23,NSE,EQ,EQ,buy,FALSE,100,62.15,55038878,1.2E+15,2023-02-01T14:56:49
RKFORGE,INE399G01023,01/02/23,NSE,EQ,EQ,buy,FALSE,1,264.95,80732476,1.3E+15,2023-02-01T14:57:09
RKFORGE,INE399G01023,01/02/23,NSE,EQ,EQ,buy,FALSE,10,265,80732477,1.3E+15,2023-02-01T14:57:09
RKFORGE,INE399G01023,01/02/23,NSE,EQ,EQ,buy,FALSE,89,265.05,80732478,1.3E+15,2023-02-01T14:57:09
RECLTD,INE020B01018,01/02/23,NSE,EQ,EQ,buy,FALSE,100,117.3,80770259,1.3E+15,2023-02-01T14:58:35
RBLBANK,INE976G01028,01/02/23,NSE,EQ,EQ,buy,FALSE,50,148.7,81114913,1.3E+15,2023-02-01T15:10:08
UNICHEMLAB,INE351A01035,07/02/23,NSE,EQ,EQ,buy,FALSE,2,312.05,77237149,1.3E+15,2023-02-07T11:45:21
UNICHEMLAB,INE351A01035,07/02/23,NSE,EQ,EQ,buy,FALSE,1,312,77237147,1.3E+15,2023-02-07T11:45:21
UNICHEMLAB,INE351A01035,07/02/23,NSE,EQ,EQ,buy,FALSE,7,312.05,77237148,1.3E+15,2023-02-07T11:45:21
GAIL,INE129A01019,07/02/23,NSE,EQ,EQ,buy,FALSE,50,95.8,27964754,1.1E+15,2023-02-07T12:36:34
BANKBARODA,INE028A01039,08/02/23,NSE,EQ,EQ,buy,FALSE,100,168.85,984609,1E+15,2023-02-08T09:40:56
AUBANK,INE949L01017,08/02/23,NSE,EQ,EQ,buy,FALSE,50,650.1,987364,1E+15,2023-02-08T09:41:03
WIPRO,INE075A01022,08/02/23,NSE,EQ,EQ,buy,FALSE,1,404.2,75656495,1.3E+15,2023-02-08T09:41:11
WIPRO,INE075A01022,08/02/23,NSE,EQ,EQ,buy,FALSE,19,404.25,75656496,1.3E+15,2023-02-08T09:41:11
INFY,INE009A01021,08/02/23,NSE,EQ,EQ,buy,FALSE,4,1582.15,25593008,1.1E+15,2023-02-08T09:41:17
INFY,INE009A01021,08/02/23,NSE,EQ,EQ,buy,FALSE,6,1582.15,25593007,1.1E+15,2023-02-08T09:41:17
TECHM,INE669C01036,08/02/23,NSE,EQ,EQ,buy,FALSE,20,1018.3,76907493,1.3E+15,2023-02-08T11:20:57
TECHM,INE669C01036,08/02/23,NSE,EQ,EQ,buy,FALSE,20,1020.25,76941526,1.3E+15,2023-02-08T11:24:22
COROMANDEL,INE169A01031,09/02/23,NSE,EQ,EQ,buy,FALSE,1,925.95,3235458,1E+15,2023-02-09T12:33:51
COROMANDEL,INE169A01031,09/02/23,NSE,EQ,EQ,buy,FALSE,3,925.95,3235456,1E+15,2023-02-09T12:33:51
COROMANDEL,INE169A01031,09/02/23,NSE,EQ,EQ,buy,FALSE,12,925.95,3235457,1E+15,2023-02-09T12:33:51
COROMANDEL,INE169A01031,09/02/23,NSE,EQ,EQ,buy,FALSE,1,925.95,3235459,1E+15,2023-02-09T12:33:51
COROMANDEL,INE169A01031,09/02/23,NSE,EQ,EQ,buy,FALSE,1,926,3235460,1E+15,2023-02-09T12:33:51
COROMANDEL,INE169A01031,09/02/23,NSE,EQ,EQ,buy,FALSE,12,926,3235461,1E+15,2023-02-09T12:33:51
ASIANPAINT,INE021A01026,09/02/23,NSE,EQ,EQ,buy,FALSE,5,2797.35,3241341,1E+15,2023-02-09T12:34:12
ASIANPAINT,INE021A01026,09/02/23,NSE,EQ,EQ,buy,FALSE,4,2797.35,3241342,1E+15,2023-02-09T12:34:12
ASIANPAINT,INE021A01026,09/02/23,NSE,EQ,EQ,buy,FALSE,6,2797.35,3241343,1E+15,2023-02-09T12:34:12
IDFCFIRSTB,INE092T01019,13/02/23,BSE,EQ,A,sell,FALSE,10,57.5,1893400,1.67626E+18,2023-02-13T10:07:54
IDFCFIRSTB,INE092T01019,13/02/23,BSE,EQ,A,sell,FALSE,740,57.45,1893800,1.67626E+18,2023-02-13T10:07:54
DELTACORP,INE124G01033,13/02/23,NSE,EQ,EQ,buy,FALSE,100,205,26468218,1.1E+15,2023-02-13T10:46:05
BALAJITELE,INE794B01026,13/02/23,NSE,EQ,EQ,buy,FALSE,2,44.75,3090837,1E+15,2023-02-13T12:41:23
BALAJITELE,INE794B01026,13/02/23,NSE,EQ,EQ,buy,FALSE,1,44.75,3090838,1E+15,2023-02-13T12:41:23
BALAJITELE,INE794B01026,13/02/23,NSE,EQ,EQ,buy,FALSE,96,44.8,3090841,1E+15,2023-02-13T12:41:23
BALAJITELE,INE794B01026,13/02/23,NSE,EQ,EQ,buy,FALSE,100,44.8,3090839,1E+15,2023-02-13T12:41:23
BALAJITELE,INE794B01026,13/02/23,NSE,EQ,EQ,buy,FALSE,1,44.8,3090840,1E+15,2023-02-13T12:41:23
BALAJITELE,INE794B01026,13/02/23,NSE,EQ,EQ,sell,FALSE,30,44.7,3097707,1E+15,2023-02-13T12:42:14
BALAJITELE,INE794B01026,13/02/23,NSE,EQ,EQ,sell,FALSE,9,44.6,3097713,1E+15,2023-02-13T12:42:14
BALAJITELE,INE794B01026,13/02/23,NSE,EQ,EQ,sell,FALSE,100,44.6,3097712,1E+15,2023-02-13T12:42:14
BALAJITELE,INE794B01026,13/02/23,NSE,EQ,EQ,sell,FALSE,24,44.6,3097711,1E+15,2023-02-13T12:42:14
BALAJITELE,INE794B01026,13/02/23,NSE,EQ,EQ,sell,FALSE,10,44.65,3097710,1E+15,2023-02-13T12:42:14
BALAJITELE,INE794B01026,13/02/23,NSE,EQ,EQ,sell,FALSE,2,44.65,3097709,1E+15,2023-02-13T12:42:14
BALAJITELE,INE794B01026,13/02/23,NSE,EQ,EQ,sell,FALSE,25,44.65,3097708,1E+15,2023-02-13T12:42:14
RBLBANK,INE976G01028,13/02/23,BSE,EQ,A,sell,FALSE,250,163.55,3810600,1.67627E+18,2023-02-13T13:01:09
VOLTAS,INE226A01021,13/02/23,NSE,EQ,EQ,buy,FALSE,2,849.95,78121169,1.3E+15,2023-02-13T14:12:50
VOLTAS,INE226A01021,13/02/23,NSE,EQ,EQ,buy,FALSE,1,849.95,78121168,1.3E+15,2023-02-13T14:12:50
VOLTAS,INE226A01021,13/02/23,NSE,EQ,EQ,buy,FALSE,1,849.95,78121167,1.3E+15,2023-02-13T14:12:50
VOLTAS,INE226A01021,13/02/23,NSE,EQ,EQ,buy,FALSE,1,849.95,78121166,1.3E+15,2023-02-13T14:12:50
VOLTAS,INE226A01021,13/02/23,NSE,EQ,EQ,buy,FALSE,1,849.95,78121165,1.3E+15,2023-02-13T14:12:50
VOLTAS,INE226A01021,13/02/23,NSE,EQ,EQ,buy,FALSE,1,849.95,78121164,1.3E+15,2023-02-13T14:12:50
VOLTAS,INE226A01021,13/02/23,NSE,EQ,EQ,buy,FALSE,1,849.95,78121163,1.3E+15,2023-02-13T14:12:50
VOLTAS,INE226A01021,13/02/23,NSE,EQ,EQ,buy,FALSE,1,849.95,78121162,1.3E+15,2023-02-13T14:12:50
VOLTAS,INE226A01021,13/02/23,NSE,EQ,EQ,buy,FALSE,1,849.95,78121161,1.3E+15,2023-02-13T14:12:50
VOLTAS,INE226A01021,13/02/23,NSE,EQ,EQ,buy,FALSE,1,849.95,78121160,1.3E+15,2023-02-13T14:12:50
VOLTAS,INE226A01021,13/02/23,NSE,EQ,EQ,buy,FALSE,1,849.95,78121159,1.3E+15,2023-02-13T14:12:50
VOLTAS,INE226A01021,13/02/23,NSE,EQ,EQ,buy,FALSE,13,849.95,78121158,1.3E+15,2023-02-13T14:12:50
RECLTD,INE020B01018,14/02/23,NSE,EQ,EQ,buy,FALSE,100,111.95,76194933,1.3E+15,2023-02-14T10:24:36
RKFORGE,INE399G01023,14/02/23,NSE,EQ,EQ,sell,FALSE,4,277.4,78389383,1.3E+15,2023-02-14T14:31:20
RKFORGE,INE399G01023,14/02/23,NSE,EQ,EQ,sell,FALSE,21,277.3,78389389,1.3E+15,2023-02-14T14:31:20
RKFORGE,INE399G01023,14/02/23,NSE,EQ,EQ,sell,FALSE,11,277.3,78389388,1.3E+15,2023-02-14T14:31:20
RKFORGE,INE399G01023,14/02/23,NSE,EQ,EQ,sell,FALSE,26,277.3,78389387,1.3E+15,2023-02-14T14:31:20
RKFORGE,INE399G01023,14/02/23,NSE,EQ,EQ,sell,FALSE,1,277.35,78389386,1.3E+15,2023-02-14T14:31:20
RKFORGE,INE399G01023,14/02/23,NSE,EQ,EQ,sell,FALSE,2,277.4,78389385,1.3E+15,2023-02-14T14:31:20
RKFORGE,INE399G01023,14/02/23,NSE,EQ,EQ,sell,FALSE,5,277.4,78389384,1.3E+15,2023-02-14T14:31:20
RKFORGE,INE399G01023,14/02/23,NSE,EQ,EQ,sell,FALSE,30,277.4,78389382,1.3E+15,2023-02-14T14:31:20
MOTHERSON,INE775A01035,15/02/23,NSE,EQ,EQ,buy,FALSE,100,80.1,53573912,1.2E+15,2023-02-15T15:21:18
MOTHERSON,INE775A01035,15/02/23,NSE,EQ,EQ,buy,FALSE,97,80.1,53573913,1.2E+15,2023-02-15T15:21:18
MOTHERSON,INE775A01035,15/02/23,NSE,EQ,EQ,buy,FALSE,53,80.1,53573911,1.2E+15,2023-02-15T15:21:18
TECHM,INE669C01036,16/02/23,NSE,EQ,EQ,buy,FALSE,2,1128.5,76562986,1.3E+15,2023-02-16T10:54:07
TECHM,INE669C01036,16/02/23,NSE,EQ,EQ,buy,FALSE,17,1128.5,76562985,1.3E+15,2023-02-16T10:54:07
TECHM,INE669C01036,16/02/23,NSE,EQ,EQ,buy,FALSE,1,1128.55,76562987,1.3E+15,2023-02-16T10:54:07
COALINDIA,INE522F01014,16/02/23,NSE,EQ,EQ,buy,FALSE,250,214.8,1901078,1E+15,2023-02-16T10:56:06
KOTAKBANK,INE237A01028,16/02/23,NSE,EQ,EQ,buy,FALSE,10,1797.15,51478285,1.2E+15,2023-02-16T10:57:30
KOTAKBANK,INE237A01028,16/02/23,NSE,EQ,EQ,buy,FALSE,10,1797.1,51478284,1.2E+15,2023-02-16T10:57:30
KOTAKBANK,INE237A01028,16/02/23,NSE,EQ,EQ,buy,FALSE,2,1797.25,51478286,1.2E+15,2023-02-16T10:57:30
KOTAKBANK,INE237A01028,16/02/23,NSE,EQ,EQ,buy,FALSE,8,1797.05,51478283,1.2E+15,2023-02-16T10:57:30
TECHM,INE669C01036,16/02/23,NSE,EQ,EQ,buy,FALSE,20,1134.45,76709411,1.3E+15,2023-02-16T11:07:43
ABFRL,INE647O01011,16/02/23,NSE,EQ,EQ,buy,FALSE,30,259.9,2916040,1E+15,2023-02-16T12:28:26
NIACL,INE470Y01017,16/02/23,NSE,EQ,EQ,buy,FALSE,46,108.2,53421409,1.2E+15,2023-02-16T14:17:32
NIACL,INE470Y01017,16/02/23,NSE,EQ,EQ,buy,FALSE,75,108.2,53421410,1.2E+15,2023-02-16T14:17:32
NIACL,INE470Y01017,16/02/23,NSE,EQ,EQ,buy,FALSE,129,108.2,53421411,1.2E+15,2023-02-16T14:17:32
ICICIPRULI,INE726G01019,16/02/23,NSE,EQ,EQ,sell,FALSE,47,428.25,29358512,1.1E+15,2023-02-16T15:23:08
ICICIPRULI,INE726G01019,16/02/23,NSE,EQ,EQ,sell,FALSE,53,428.25,29358511,1.1E+15,2023-02-16T15:23:08
NFL,INE870D01012,16/02/23,BSE,EQ,A,sell,FALSE,100,64.7,116012200,1.67654E+18,2023-02-16T15:28:12
ICICIPRULI,INE726G01019,16/02/23,NSE,EQ,EQ,buy,FALSE,20,427.5,29470177,1.1E+15,2023-02-16T15:28:43
ICICIPRULI,INE726G01019,16/02/23,NSE,EQ,EQ,buy,FALSE,70,427.5,29470178,1.1E+15,2023-02-16T15:28:43
ICICIPRULI,INE726G01019,16/02/23,NSE,EQ,EQ,buy,FALSE,10,427.5,29470176,1.1E+15,2023-02-16T15:28:43
TECHM,INE669C01036,17/02/23,BSE,EQ,A,sell,FALSE,40,1114.2,503200,1.6766E+18,2023-02-17T09:24:18
NIACL,INE470Y01017,17/02/23,NSE,EQ,EQ,buy,FALSE,36,105.95,51093983,1.2E+15,2023-02-17T10:23:52
NIACL,INE470Y01017,17/02/23,NSE,EQ,EQ,buy,FALSE,53,105.95,51093982,1.2E+15,2023-02-17T10:23:52
NIACL,INE470Y01017,17/02/23,NSE,EQ,EQ,buy,FALSE,161,106,51093984,1.2E+15,2023-02-17T10:23:52
RAYMOND,INE301A01014,17/02/23,NSE,EQ,EQ,buy,FALSE,15,1351.55,78491430,1.3E+15,2023-02-17T14:56:27
RAYMOND,INE301A01014,17/02/23,NSE,EQ,EQ,buy,FALSE,5,1351.55,78491439,1.3E+15,2023-02-17T14:56:27
RAYMOND,INE301A01014,17/02/23,NSE,EQ,EQ,buy,FALSE,2,1351.55,78491438,1.3E+15,2023-02-17T14:56:27
RAYMOND,INE301A01014,17/02/23,NSE,EQ,EQ,buy,FALSE,5,1351.55,78491437,1.3E+15,2023-02-17T14:56:27
RAYMOND,INE301A01014,17/02/23,NSE,EQ,EQ,buy,FALSE,6,1351.55,78491436,1.3E+15,2023-02-17T14:56:27
RAYMOND,INE301A01014,17/02/23,NSE,EQ,EQ,buy,FALSE,2,1351.55,78491435,1.3E+15,2023-02-17T14:56:27
RAYMOND,INE301A01014,17/02/23,NSE,EQ,EQ,buy,FALSE,1,1351.55,78491434,1.3E+15,2023-02-17T14:56:27
RAYMOND,INE301A01014,17/02/23,NSE,EQ,EQ,buy,FALSE,5,1351.55,78491433,1.3E+15,2023-02-17T14:56:27
RAYMOND,INE301A01014,17/02/23,NSE,EQ,EQ,buy,FALSE,6,1351.55,78491432,1.3E+15,2023-02-17T14:56:27
RAYMOND,INE301A01014,17/02/23,NSE,EQ,EQ,buy,FALSE,2,1351.55,78491429,1.3E+15,2023-02-17T14:56:27
RAYMOND,INE301A01014,17/02/23,NSE,EQ,EQ,buy,FALSE,1,1351.55,78491431,1.3E+15,2023-02-17T14:56:27
ABFRL,INE647O01011,17/02/23,NSE,EQ,EQ,buy,FALSE,43,262,3713117,1E+15,2023-02-17T14:59:55
ABFRL,INE647O01011,17/02/23,NSE,EQ,EQ,buy,FALSE,2,261.95,3713116,1E+15,2023-02-17T14:59:55
ABFRL,INE647O01011,17/02/23,NSE,EQ,EQ,buy,FALSE,25,262.15,3762404,1E+15,2023-02-17T15:03:04
GMRINFRA,INE776C01039,17/02/23,NSE,EQ,EQ,buy,FALSE,1000,39.65,28759282,1.1E+15,2023-02-17T15:21:16
BERGEPAINT,INE463A01038,17/02/23,NSE,EQ,EQ,buy,FALSE,20,569,4078678,1E+15,2023-02-17T15:23:09
ICICIPRULI,INE726G01019,17/02/23,BSE,EQ,A,sell,FALSE,31,416.3,4206900,1.67663E+18,2023-02-17T15:28:25
ICICIPRULI,INE726G01019,17/02/23,BSE,EQ,A,sell,FALSE,43,416.4,4206700,1.67663E+18,2023-02-17T15:28:25
ICICIPRULI,INE726G01019,17/02/23,BSE,EQ,A,sell,FALSE,10,416.5,4206300,1.67663E+18,2023-02-17T15:28:25
ICICIPRULI,INE726G01019,17/02/23,BSE,EQ,A,sell,FALSE,9,416.6,4206100,1.67663E+18,2023-02-17T15:28:25
ICICIPRULI,INE726G01019,17/02/23,BSE,EQ,A,sell,FALSE,1,416.65,4205900,1.67663E+18,2023-02-17T15:28:25
ICICIPRULI,INE726G01019,17/02/23,BSE,EQ,A,sell,FALSE,6,417,4205700,1.67663E+18,2023-02-17T15:28:25
VOLTAS,INE226A01021,21/02/23,NSE,EQ,EQ,buy,FALSE,30,880.5,76384528,1.3E+15,2023-02-21T10:47:31
LTTS,INE010V01017,21/02/23,NSE,EQ,EQ,buy,FALSE,20,3755,51173291,1.2E+15,2023-02-21T10:48:39
METROPOLIS,INE112L01020,21/02/23,NSE,EQ,EQ,buy,FALSE,2,1365,51185400,1.2E+15,2023-02-21T10:50:12
METROPOLIS,INE112L01020,21/02/23,NSE,EQ,EQ,buy,FALSE,20,1365,51185399,1.2E+15,2023-02-21T10:50:12
METROPOLIS,INE112L01020,21/02/23,NSE,EQ,EQ,buy,FALSE,8,1365,51185398,1.2E+15,2023-02-21T10:50:12
METROPOLIS,INE112L01020,21/02/23,NSE,EQ,EQ,buy,FALSE,5,1365,51185401,1.2E+15,2023-02-21T10:50:12
ABFRL,INE647O01011,21/02/23,NSE,EQ,EQ,buy,FALSE,100,250,1483489,1E+15,2023-02-21T10:57:07
GAIL,INE129A01019,23/02/23,BSE,EQ,A,sell,FALSE,50,98.2,5068200,1.67713E+18,2023-02-23T14:43:25
INFIBEAM,INE483S01020,23/02/23,BSE,EQ,A,sell,FALSE,500,16.65,110064000,1.67715E+18,2023-02-23T15:20:33
VOLTAS,INE226A01021,01/03/23,NSE,EQ,EQ,buy,FALSE,3,895.65,76228803,1.3E+15,2023-03-01T10:21:47
VOLTAS,INE226A01021,01/03/23,NSE,EQ,EQ,buy,FALSE,42,895.7,76228804,1.3E+15,2023-03-01T10:21:47
HINDCOPPER,INE531E01026,01/03/23,NSE,EQ,EQ,buy,FALSE,56,99.95,26128262,1.1E+15,2023-03-01T10:22:31
HINDCOPPER,INE531E01026,01/03/23,NSE,EQ,EQ,buy,FALSE,144,99.95,26128263,1.1E+15,2023-03-01T10:22:31
IEX,INE022Q01020,02/03/23,NSE,EQ,EQ,buy,FALSE,184,148.1,25564505,1.1E+15,2023-03-02T09:42:32
IEX,INE022Q01020,02/03/23,NSE,EQ,EQ,buy,FALSE,16,148.1,25564506,1.1E+15,2023-03-02T09:42:32
IEX,INE022Q01020,02/03/23,NSE,EQ,EQ,buy,FALSE,200,148,25695937,1.1E+15,2023-03-02T09:52:20
GODREJPROP,INE484J01027,02/03/23,NSE,EQ,EQ,buy,FALSE,6,1122.25,25709865,1.1E+15,2023-03-02T09:53:34
GODREJPROP,INE484J01027,02/03/23,NSE,EQ,EQ,buy,FALSE,29,1122.25,25709866,1.1E+15,2023-03-02T09:53:34
GODREJPROP,INE484J01027,02/03/23,NSE,EQ,EQ,buy,FALSE,15,1122.5,25709867,1.1E+15,2023-03-02T09:53:34
MOTHERSON,INE775A01035,02/03/23,NSE,EQ,EQ,buy,FALSE,250,80.9,51297280,1.2E+15,2023-03-02T11:07:23
IEX,INE022Q01020,03/03/23,NSE,EQ,EQ,buy,FALSE,200,145.95,28232165,1.1E+15,2023-03-03T14:22:44
CENTRALBK,INE483A01010,03/03/23,NSE,EQ,EQ,buy,FALSE,1000,27.35,4124128,1E+15,2023-03-03T14:26:15
ASIANPAINT,INE021A01026,06/03/23,NSE,EQ,EQ,buy,FALSE,2,2858,1299442,1E+15,2023-03-06T09:58:38
ASIANPAINT,INE021A01026,06/03/23,NSE,EQ,EQ,buy,FALSE,1,2858,1299439,1E+15,2023-03-06T09:58:38
ASIANPAINT,INE021A01026,06/03/23,NSE,EQ,EQ,buy,FALSE,8,2858,1299438,1E+15,2023-03-06T09:58:38
ASIANPAINT,INE021A01026,06/03/23,NSE,EQ,EQ,buy,FALSE,3,2858,1299441,1E+15,2023-03-06T09:58:38
ASIANPAINT,INE021A01026,06/03/23,NSE,EQ,EQ,buy,FALSE,1,2858,1299440,1E+15,2023-03-06T09:58:38
INFY,INE009A01021,06/03/23,BSE,EQ,A,buy,FALSE,20,1501.35,2168500,1.67807E+18,2023-03-06T10:05:17
INFY,INE009A01021,06/03/23,BSE,EQ,A,buy,FALSE,20,1505,2309600,1.67807E+18,2023-03-06T10:10:34
GODREJPROP,INE484J01027,08/03/23,BSE,EQ,A,sell,FALSE,10,1169.3,2379000,1.67825E+18,2023-03-08T12:45:04
GODREJPROP,INE484J01027,08/03/23,BSE,EQ,A,sell,FALSE,40,1169.25,2379300,1.67825E+18,2023-03-08T12:45:04
ONGC,INE213A01029,10/03/23,BSE,EQ,A,sell,FALSE,200,155.45,27000,1.67842E+18,2023-03-10T09:15:03
RECLTD,INE020B01018,10/03/23,BSE,EQ,A,sell,FALSE,400,124.1,313600,1.67842E+18,2023-03-10T09:16:06
PFC,INE134E01011,10/03/23,BSE,EQ,A,sell,FALSE,4,166.8,361700,1.67842E+18,2023-03-10T09:19:57
PFC,INE134E01011,10/03/23,BSE,EQ,A,sell,FALSE,196,166.8,370800,1.67842E+18,2023-03-10T09:20:04
TECHM,INE669C01036,10/03/23,NSE,EQ,EQ,buy,FALSE,5,1049.9,75942291,1.3E+15,2023-03-10T09:58:56
TECHM,INE669C01036,10/03/23,NSE,EQ,EQ,buy,FALSE,1,1049.9,75942292,1.3E+15,2023-03-10T09:58:56
TECHM,INE669C01036,10/03/23,NSE,EQ,EQ,buy,FALSE,34,1049.9,75942293,1.3E+15,2023-03-10T09:58:56
TECHM,INE669C01036,10/03/23,NSE,EQ,EQ,buy,FALSE,20,1049.4,75952738,1.3E+15,2023-03-10T09:59:45
RECLTD,INE020B01018,10/03/23,BSE,EQ,A,buy,FALSE,134,122.8,2815100,1.67842E+18,2023-03-10T10:03:07
RECLTD,INE020B01018,10/03/23,BSE,EQ,A,buy,FALSE,266,122.75,2814900,1.67842E+18,2023-03-10T10:03:07
ONGC,INE213A01029,10/03/23,BSE,EQ,A,buy,FALSE,200,155.5,1079400,1.67842E+18,2023-03-10T10:03:20
PFC,INE134E01011,10/03/23,BSE,EQ,A,buy,FALSE,108,166.8,1446600,1.67842E+18,2023-03-10T10:03:20
PFC,INE134E01011,10/03/23,BSE,EQ,A,buy,FALSE,92,166.75,1446400,1.67842E+18,2023-03-10T10:03:20
GAIL,INE129A01019,10/03/23,NSE,EQ,EQ,buy,FALSE,100,110.1,26673530,1.1E+15,2023-03-10T11:05:22
GAIL,INE129A01019,10/03/23,NSE,EQ,EQ,buy,FALSE,395,110.1,26673529,1.1E+15,2023-03-10T11:05:22
GAIL,INE129A01019,10/03/23,NSE,EQ,EQ,buy,FALSE,5,110.1,26673531,1.1E+15,2023-03-10T11:05:22
RECLTD,INE020B01018,10/03/23,BSE,EQ,A,buy,FALSE,100,122.8,6352000,1.67843E+18,2023-03-10T13:13:26
PFC,INE134E01011,13/03/23,BSE,EQ,A,sell,FALSE,193,164.45,1918800,1.67868E+18,2023-03-13T10:29:36
PFC,INE134E01011,13/03/23,BSE,EQ,A,sell,FALSE,7,164.5,1918400,1.67868E+18,2023-03-13T10:29:36
TECHM,INE669C01036,13/03/23,NSE,EQ,EQ,sell,FALSE,100,1150,76601962,1.3E+15,2023-03-13T10:49:52
TECHM,INE669C01036,13/03/23,NSE,EQ,EQ,buy,FALSE,100,1143.55,76888421,1.3E+15,2023-03-13T11:18:53
TECHM,INE669C01036,13/03/23,NSE,EQ,EQ,sell,FALSE,65,1148,77741638,1.3E+15,2023-03-13T12:53:44
TECHM,INE669C01036,13/03/23,NSE,EQ,EQ,sell,FALSE,35,1148,77741639,1.3E+15,2023-03-13T12:53:44
TECHM,INE669C01036,15/03/23,NSE,EQ,EQ,buy,FALSE,1,1120,75309529,1.3E+15,2023-03-15T09:25:27
TECHM,INE669C01036,15/03/23,NSE,EQ,EQ,buy,FALSE,29,1120.3,75309530,1.3E+15,2023-03-15T09:25:27
RBLBANK,INE976G01028,15/03/23,NSE,EQ,EQ,buy,FALSE,500,148,75511196,1.3E+15,2023-03-15T09:37:04
CANBK,INE476A01014,15/03/23,NSE,EQ,EQ,buy,FALSE,500,288.2,546609,1E+15,2023-03-15T09:37:08
PFC,INE134E01011,15/03/23,NSE,EQ,EQ,buy,FALSE,500,163.5,50672257,1.2E+15,2023-03-15T09:49:21
OBEROIRLTY,INE093I01010,15/03/23,NSE,EQ,EQ,buy,FALSE,100,865.9,52166235,1.2E+15,2023-03-15T12:23:33
IEX,INE022Q01020,15/03/23,NSE,EQ,EQ,sell,FALSE,5,151.4,29028299,1.1E+15,2023-03-15T15:06:22
IEX,INE022Q01020,15/03/23,NSE,EQ,EQ,sell,FALSE,520,151.4,29028301,1.1E+15,2023-03-15T15:06:22
IEX,INE022Q01020,15/03/23,NSE,EQ,EQ,sell,FALSE,75,151.4,29028300,1.1E+15,2023-03-15T15:06:22
PETRONET,INE347G01014,16/03/23,NSE,EQ,EQ,buy,FALSE,200,238,53787213,1.2E+15,2023-03-16T14:16:44
NFL,INE870D01012,16/03/23,NSE,EQ,EQ,buy,FALSE,1000,72,54169344,1.2E+15,2023-03-16T14:50:06
COALINDIA,INE522F01014,16/03/23,BSE,EQ,A,buy,FALSE,250,220.65,5999000,1.67895E+18,2023-03-16T15:23:21
NFL,INE870D01012,21/03/23,NSE,EQ,EQ,sell,FALSE,1000,75.15,50869108,1.2E+15,2023-03-21T10:14:14
BERGEPAINT,INE463A01038,21/03/23,BSE,EQ,A,sell,FALSE,20,592.15,395500,1.67937E+18,2023-03-21T10:15:14
ICICIPRULI,INE726G01019,22/03/23,NSE,EQ,EQ,buy,FALSE,172,422.1,25509450,1.1E+15,2023-03-22T09:40:07
ICICIPRULI,INE726G01019,22/03/23,NSE,EQ,EQ,buy,FALSE,2,422.1,25509451,1.1E+15,2023-03-22T09:40:07
ICICIPRULI,INE726G01019,22/03/23,NSE,EQ,EQ,buy,FALSE,26,422.1,25509452,1.1E+15,2023-03-22T09:40:07
ZYDUSLIFE,INE010B01027,22/03/23,NSE,EQ,EQ,buy,FALSE,38,478.2,1677067,1E+15,2023-03-22T11:43:35
ZYDUSLIFE,INE010B01027,22/03/23,NSE,EQ,EQ,buy,FALSE,23,478.7,1687984,1E+15,2023-03-22T11:45:15
ZYDUSLIFE,INE010B01027,22/03/23,NSE,EQ,EQ,buy,FALSE,1,478.7,1689916,1E+15,2023-03-22T11:45:29
ZYDUSLIFE,INE010B01027,22/03/23,NSE,EQ,EQ,buy,FALSE,138,478.7,1689917,1E+15,2023-03-22T11:45:29
ZYDUSLIFE,INE010B01027,22/03/23,NSE,EQ,EQ,sell,FALSE,91,479.15,1736039,1E+15,2023-03-22T11:53:02
ZYDUSLIFE,INE010B01027,22/03/23,NSE,EQ,EQ,sell,FALSE,76,479.15,1736404,1E+15,2023-03-22T11:53:06
ZYDUSLIFE,INE010B01027,22/03/23,NSE,EQ,EQ,sell,FALSE,33,479.1,1756226,1E+15,2023-03-22T11:56:01
ICICIPRULI,INE726G01019,22/03/23,NSE,EQ,EQ,sell,FALSE,3,429.7,26995526,1.1E+15,2023-03-22T12:20:12
ICICIPRULI,INE726G01019,22/03/23,NSE,EQ,EQ,sell,FALSE,2,429.7,26995502,1.1E+15,2023-03-22T12:20:12
ICICIPRULI,INE726G01019,22/03/23,NSE,EQ,EQ,sell,FALSE,1,429.7,26995608,1.1E+15,2023-03-22T12:20:13
ICICIPRULI,INE726G01019,22/03/23,NSE,EQ,EQ,sell,FALSE,5,429.7,26995614,1.1E+15,2023-03-22T12:20:14
ICICIPRULI,INE726G01019,22/03/23,NSE,EQ,EQ,sell,FALSE,2,429.7,26995734,1.1E+15,2023-03-22T12:20:14
ICICIPRULI,INE726G01019,22/03/23,NSE,EQ,EQ,sell,FALSE,1,429.7,26995938,1.1E+15,2023-03-22T12:20:15
ICICIPRULI,INE726G01019,22/03/23,NSE,EQ,EQ,sell,FALSE,150,429.7,26996172,1.1E+15,2023-03-22T12:20:17
ICICIPRULI,INE726G01019,22/03/23,NSE,EQ,EQ,sell,FALSE,36,429.7,26996294,1.1E+15,2023-03-22T12:20:18
HDFCLIFE,INE795G01014,23/03/23,NSE,EQ,EQ,buy,FALSE,10,499.9,25530569,1.1E+15,2023-03-23T09:39:55
HDFCLIFE,INE795G01014,23/03/23,NSE,EQ,EQ,buy,FALSE,15,499.9,25530705,1.1E+15,2023-03-23T09:39:55
HDFCLIFE,INE795G01014,23/03/23,NSE,EQ,EQ,buy,FALSE,75,499.9,25531595,1.1E+15,2023-03-23T09:40:00
GMRINFRA,INE776C01039,03/04/23,NSE,EQ,EQ,sell,FALSE,1000,42.9,26913602,1.1E+15,2023-04-03T11:24:26
ONGC,INE213A01029,03/04/23,NSE,EQ,EQ,sell,FALSE,91,155.35,51883500,1.2E+15,2023-04-03T11:33:41
ONGC,INE213A01029,03/04/23,NSE,EQ,EQ,sell,FALSE,109,155.35,51883501,1.2E+15,2023-04-03T11:33:41
ICICIPRULI,INE726G01019,05/04/23,NSE,EQ,EQ,buy,FALSE,187,436.65,26306334,1.1E+15,2023-04-05T10:30:01
ICICIPRULI,INE726G01019,05/04/23,NSE,EQ,EQ,buy,FALSE,13,436.65,26306333,1.1E+15,2023-04-05T10:30:01
UNICHEMLAB,INE351A01035,05/04/23,BSE,EQ,B,sell,FALSE,2,334.3,31328500,1.68068E+18,2023-04-05T14:34:40
UNICHEMLAB,INE351A01035,05/04/23,BSE,EQ,B,sell,FALSE,1,334.35,31328300,1.68068E+18,2023-04-05T14:34:40
UNICHEMLAB,INE351A01035,05/04/23,BSE,EQ,B,sell,FALSE,7,334.2,31328700,1.68068E+18,2023-04-05T14:34:40
AUROPHARMA,INE406A01037,06/04/23,NSE,EQ,EQ,buy,FALSE,150,530,515314,1E+15,2023-04-06T09:38:01
COALINDIA,INE522F01014,06/04/23,NSE,EQ,EQ,sell,FALSE,70,222.05,2484951,1E+15,2023-04-06T12:34:06
COALINDIA,INE522F01014,06/04/23,NSE,EQ,EQ,sell,FALSE,50,222.05,2484950,1E+15,2023-04-06T12:34:06
COALINDIA,INE522F01014,06/04/23,NSE,EQ,EQ,sell,FALSE,380,222.1,2484949,1E+15,2023-04-06T12:34:06
MUTHOOTFIN,INE414G01012,06/04/23,NSE,EQ,EQ,buy,FALSE,22,1022.35,53605596,1.2E+15,2023-04-06T15:26:30
MUTHOOTFIN,INE414G01012,06/04/23,NSE,EQ,EQ,buy,FALSE,26,1022.55,53605597,1.2E+15,2023-04-06T15:26:30
MUTHOOTFIN,INE414G01012,06/04/23,NSE,EQ,EQ,buy,FALSE,2,1022.3,53605595,1.2E+15,2023-04-06T15:26:30
OBEROIRLTY,INE093I01010,10/04/23,BSE,EQ,A,sell,FALSE,45,908.55,404900,1.6811E+18,2023-04-10T09:29:41
OBEROIRLTY,INE093I01010,10/04/23,BSE,EQ,A,sell,FALSE,55,909,404700,1.6811E+18,2023-04-10T09:29:41
OBEROIRLTY,INE093I01010,10/04/23,BSE,EQ,A,buy,FALSE,56,904.4,3434700,1.68112E+18,2023-04-10T14:55:11
OBEROIRLTY,INE093I01010,10/04/23,BSE,EQ,A,buy,FALSE,43,904.45,3435200,1.68112E+18,2023-04-10T14:55:11
OBEROIRLTY,INE093I01010,10/04/23,BSE,EQ,A,buy,FALSE,1,904.35,3434300,1.68112E+18,2023-04-10T14:55:11
ITC,INE154A01025,11/04/23,NSE,EQ,EQ,buy,FALSE,100,392.75,25516330,1.1E+15,2023-04-11T09:42:08
HINDCOPPER,INE531E01026,11/04/23,NSE,EQ,EQ,buy,FALSE,85,100.7,25527889,1.1E+15,2023-04-11T09:43:00
HINDCOPPER,INE531E01026,11/04/23,NSE,EQ,EQ,buy,FALSE,315,100.7,25527888,1.1E+15,2023-04-11T09:43:00
HINDCOPPER,INE531E01026,11/04/23,NSE,EQ,EQ,buy,FALSE,100,100.65,25527887,1.1E+15,2023-04-11T09:43:00
REDINGTON,INE891D01026,11/04/23,NSE,EQ,EQ,buy,FALSE,500,175.1,75687025,1.3E+15,2023-04-11T09:46:22
OBEROIRLTY,INE093I01010,11/04/23,BSE,EQ,A,sell,FALSE,99,905,2487900,1.68118E+18,2023-04-11T13:03:04
OBEROIRLTY,INE093I01010,11/04/23,BSE,EQ,A,sell,FALSE,1,905,2487700,1.68118E+18,2023-04-11T13:03:04
RECLTD,INE020B01018,11/04/23,BSE,EQ,A,sell,FALSE,500,124.15,5252000,1.6812E+18,2023-04-11T14:31:36
PFC,INE134E01011,12/04/23,BSE,EQ,A,sell,FALSE,2,169,908900,1.68127E+18,2023-04-12T10:11:03
PFC,INE134E01011,12/04/23,BSE,EQ,A,sell,FALSE,498,169,909500,1.68127E+18,2023-04-12T10:11:20
MUTHOOTFIN,INE414G01012,12/04/23,NSE,EQ,EQ,buy,FALSE,43,1021,50965030,1.2E+15,2023-04-12T10:16:01
MUTHOOTFIN,INE414G01012,12/04/23,NSE,EQ,EQ,buy,FALSE,7,1021,50965809,1.2E+15,2023-04-12T10:16:04
AUROPHARMA,INE406A01037,12/04/23,BSE,EQ,A,sell,FALSE,150,550.35,2603700,1.68127E+18,2023-04-12T13:02:06
RAIN,INE855B01025,13/04/23,NSE,EQ,EQ,buy,FALSE,100,156.75,76049348,1.3E+15,2023-04-13T10:27:18
RAIN,INE855B01025,13/04/23,NSE,EQ,EQ,buy,FALSE,27,156.75,76049349,1.3E+15,2023-04-13T10:27:18
RAIN,INE855B01025,13/04/23,NSE,EQ,EQ,buy,FALSE,32,156.75,76049347,1.3E+15,2023-04-13T10:27:18
RAIN,INE855B01025,13/04/23,NSE,EQ,EQ,buy,FALSE,8,156.75,76049346,1.3E+15,2023-04-13T10:27:18
RAIN,INE855B01025,13/04/23,NSE,EQ,EQ,buy,FALSE,333,156.75,76049345,1.3E+15,2023-04-13T10:27:18
AUROPHARMA,INE406A01037,13/04/23,NSE,EQ,EQ,buy,FALSE,76,561.5,1207853,1E+15,2023-04-13T10:27:19
AUROPHARMA,INE406A01037,13/04/23,NSE,EQ,EQ,buy,FALSE,24,561.65,1209758,1E+15,2023-04-13T10:27:27
AUBANK,INE949L01017,19/04/23,NSE,EQ,EQ,sell,FALSE,24,680,2160718,1E+15,2023-04-19T12:47:28
AUBANK,INE949L01017,19/04/23,NSE,EQ,EQ,sell,FALSE,1,680,2161086,1E+15,2023-04-19T12:47:30
AUBANK,INE949L01017,19/04/23,NSE,EQ,EQ,sell,FALSE,3,680,2161360,1E+15,2023-04-19T12:47:33
AUBANK,INE949L01017,19/04/23,NSE,EQ,EQ,sell,FALSE,22,680,2161483,1E+15,2023-04-19T12:47:34
ITC,INE154A01025,19/04/23,NSE,EQ,EQ,sell,FALSE,80,400.7,28394258,1.1E+15,2023-04-19T14:04:02
ITC,INE154A01025,19/04/23,NSE,EQ,EQ,sell,FALSE,5,400.7,28394257,1.1E+15,2023-04-19T14:04:02
ITC,INE154A01025,19/04/23,NSE,EQ,EQ,sell,FALSE,15,400.7,28394290,1.1E+15,2023-04-19T14:04:02
HDFCLIFE,INE795G01014,19/04/23,BSE,EQ,A,buy,FALSE,66,525.2,9517900,1.68189E+18,2023-04-19T14:26:51
HDFCLIFE,INE795G01014,19/04/23,BSE,EQ,A,buy,FALSE,34,525.15,9517300,1.68189E+18,2023-04-19T14:26:51
MUTHOOTFIN,INE414G01012,19/04/23,NSE,EQ,EQ,buy,FALSE,22,1042.75,53468412,1.2E+15,2023-04-19T14:29:21
MUTHOOTFIN,INE414G01012,19/04/23,NSE,EQ,EQ,buy,FALSE,8,1042.8,53468414,1.2E+15,2023-04-19T14:29:21
MUTHOOTFIN,INE414G01012,19/04/23,NSE,EQ,EQ,buy,FALSE,1,1042.8,53468413,1.2E+15,2023-04-19T14:29:21
MUTHOOTFIN,INE414G01012,19/04/23,NSE,EQ,EQ,buy,FALSE,9,1042.7,53468410,1.2E+15,2023-04-19T14:29:21
MUTHOOTFIN,INE414G01012,19/04/23,NSE,EQ,EQ,buy,FALSE,10,1042.75,53468411,1.2E+15,2023-04-19T14:29:21
HINDCOPPER,INE531E01026,19/04/23,BSE,EQ,A,buy,FALSE,300,101.74,2624200,1.68189E+18,2023-04-19T14:31:28
COALINDIA,INE522F01014,19/04/23,NSE,EQ,EQ,buy,FALSE,146,230.2,3089923,1E+15,2023-04-19T14:33:49
COALINDIA,INE522F01014,19/04/23,NSE,EQ,EQ,buy,FALSE,54,230.2,3089922,1E+15,2023-04-19T14:33:49
BEL,INE263A01024,20/04/23,NSE,EQ,EQ,buy,FALSE,27,102.85,2785093,1E+15,2023-04-20T14:57:06
BEL,INE263A01024,20/04/23,NSE,EQ,EQ,buy,FALSE,473,102.85,2785092,1E+15,2023-04-20T14:57:06
ASIANPAINT,INE021A01026,21/04/23,BSE,EQ,A,sell,FALSE,5,2859,1035600,1.68205E+18,2023-04-21T09:37:37
ASIANPAINT,INE021A01026,21/04/23,BSE,EQ,A,sell,FALSE,5,2859,1035400,1.68205E+18,2023-04-21T09:37:37
ASIANPAINT,INE021A01026,21/04/23,BSE,EQ,A,sell,FALSE,5,2859,1035200,1.68205E+18,2023-04-21T09:37:37
ASIANPAINT,INE021A01026,21/04/23,BSE,EQ,A,sell,FALSE,5,2859,1035000,1.68205E+18,2023-04-21T09:37:37
ASIANPAINT,INE021A01026,21/04/23,BSE,EQ,A,sell,FALSE,4,2859,1034800,1.68205E+18,2023-04-21T09:37:37
ASIANPAINT,INE021A01026,21/04/23,BSE,EQ,A,sell,FALSE,1,2859,1036000,1.68205E+18,2023-04-21T09:37:37
ASIANPAINT,INE021A01026,21/04/23,BSE,EQ,A,sell,FALSE,5,2859,1035800,1.68205E+18,2023-04-21T09:37:37
RAYMOND,INE301A01014,21/04/23,BSE,EQ,A,sell,FALSE,50,1470,678400,1.68205E+18,2023-04-21T09:41:11
BANDHANBNK,INE545U01014,24/04/23,NSE,EQ,EQ,buy,FALSE,250,221.7,2640178,1E+15,2023-04-24T14:31:39
BHEL,INE257A01026,24/04/23,NSE,EQ,EQ,sell,FALSE,38,76.4,2653630,1E+15,2023-04-24T14:33:41
BHEL,INE257A01026,24/04/23,NSE,EQ,EQ,sell,FALSE,42,76.4,2653632,1E+15,2023-04-24T14:33:41
BHEL,INE257A01026,24/04/23,NSE,EQ,EQ,sell,FALSE,10,76.4,2653631,1E+15,2023-04-24T14:33:41
CANBK,INE476A01014,24/04/23,BSE,EQ,A,sell,FALSE,500,303,3365900,1.68233E+18,2023-04-24T14:56:49
AUROPHARMA,INE406A01037,24/04/23,NSE,EQ,EQ,sell,FALSE,88,589,3014673,1E+15,2023-04-24T15:11:53
AUROPHARMA,INE406A01037,24/04/23,NSE,EQ,EQ,sell,FALSE,12,589,3014674,1E+15,2023-04-24T15:11:53
HDFCLIFE,INE795G01014,24/04/23,BSE,EQ,A,sell,FALSE,200,547.5,10471400,1.68232E+18,2023-04-24T15:15:48
DELTACORP,INE124G01033,25/04/23,BSE,EQ,A,buy,FALSE,200,198.45,5097200,1.68239E+18,2023-04-25T09:19:24
CANFINHOME,INE477A01020,25/04/23,NSE,EQ,EQ,buy,FALSE,100,586.65,1318527,1E+15,2023-04-25T10:42:00
CANFINHOME,INE477A01020,25/04/23,NSE,EQ,EQ,buy,FALSE,20,583.5,3065507,1E+15,2023-04-25T14:25:00
AUROPHARMA,INE406A01037,25/04/23,NSE,EQ,EQ,buy,FALSE,1,601.8,3838605,1E+15,2023-04-25T15:25:39
AUROPHARMA,INE406A01037,25/04/23,NSE,EQ,EQ,buy,FALSE,49,601.8,3838606,1E+15,2023-04-25T15:25:39
AUROPHARMA,INE406A01037,25/04/23,NSE,EQ,EQ,buy,FALSE,6,601.8,3838603,1E+15,2023-04-25T15:25:39
AUROPHARMA,INE406A01037,25/04/23,NSE,EQ,EQ,buy,FALSE,18,601.85,3838607,1E+15,2023-04-25T15:25:39
AUROPHARMA,INE406A01037,25/04/23,NSE,EQ,EQ,buy,FALSE,26,601.8,3838604,1E+15,2023-04-25T15:25:39
CANFINHOME,INE477A01020,25/04/23,NSE,EQ,EQ,buy,FALSE,20,583.95,3862785,1E+15,2023-04-25T15:27:15
CANFINHOME,INE477A01020,25/04/23,NSE,EQ,EQ,buy,FALSE,10,583.65,3872179,1E+15,2023-04-25T15:27:54
CANFINHOME,INE477A01020,25/04/23,NSE,EQ,EQ,buy,FALSE,10,583.6,3872178,1E+15,2023-04-25T15:27:54
NFL,INE870D01012,25/04/23,NSE,EQ,EQ,buy,FALSE,43,77.7,53781345,1.2E+15,2023-04-25T15:28:51
NFL,INE870D01012,25/04/23,NSE,EQ,EQ,buy,FALSE,57,77.7,53781344,1.2E+15,2023-04-25T15:28:51
CANFINHOME,INE477A01020,26/04/23,BSE,EQ,A,buy,FALSE,30,580,20713700,1.68248E+18,2023-04-26T09:41:52
DELTACORP,INE124G01033,26/04/23,NSE,EQ,EQ,buy,FALSE,50,200,26890040,1.1E+15,2023-04-26T10:57:50
DELTACORP,INE124G01033,27/04/23,NSE,EQ,EQ,buy,FALSE,100,198.5,25927049,1.1E+15,2023-04-27T10:02:48
HDFCLIFE,INE795G01014,27/04/23,NSE,EQ,EQ,buy,FALSE,200,517.65,26208834,1.1E+15,2023-04-27T10:24:49
COROMANDEL,INE169A01031,27/04/23,NSE,EQ,EQ,sell,FALSE,15,950.55,1136116,1E+15,2023-04-27T10:46:37
COROMANDEL,INE169A01031,27/04/23,NSE,EQ,EQ,sell,FALSE,15,950.55,1141411,1E+15,2023-04-27T10:47:28
INFY,INE009A01021,27/04/23,NSE,EQ,EQ,buy,FALSE,40,1233.65,26943860,1.1E+15,2023-04-27T11:29:35
TECHM,INE669C01036,27/04/23,NSE,EQ,EQ,buy,FALSE,20,1001,77100773,1.3E+15,2023-04-27T11:56:21
INTELLECT,INE306R01017,27/04/23,NSE,EQ,EQ,buy,FALSE,50,441.75,27371374,1.1E+15,2023-04-27T12:08:46
INTELLECT,INE306R01017,27/04/23,NSE,EQ,EQ,buy,FALSE,21,441.85,27371382,1.1E+15,2023-04-27T12:08:46
INTELLECT,INE306R01017,27/04/23,NSE,EQ,EQ,buy,FALSE,1,441.85,27371381,1.1E+15,2023-04-27T12:08:46
INTELLECT,INE306R01017,27/04/23,NSE,EQ,EQ,buy,FALSE,2,441.85,27371380,1.1E+15,2023-04-27T12:08:46
INTELLECT,INE306R01017,27/04/23,NSE,EQ,EQ,buy,FALSE,5,441.85,27371379,1.1E+15,2023-04-27T12:08:46
INTELLECT,INE306R01017,27/04/23,NSE,EQ,EQ,buy,FALSE,1,441.85,27371378,1.1E+15,2023-04-27T12:08:46
INTELLECT,INE306R01017,27/04/23,NSE,EQ,EQ,buy,FALSE,10,441.85,27371377,1.1E+15,2023-04-27T12:08:46
INTELLECT,INE306R01017,27/04/23,NSE,EQ,EQ,buy,FALSE,50,441.8,27371376,1.1E+15,2023-04-27T12:08:46
INTELLECT,INE306R01017,27/04/23,NSE,EQ,EQ,buy,FALSE,10,441.75,27371375,1.1E+15,2023-04-27T12:08:46
INTELLECT,INE306R01017,27/04/23,NSE,EQ,EQ,buy,FALSE,50,441.75,27371373,1.1E+15,2023-04-27T12:08:46
NFL,INE870D01012,27/04/23,BSE,EQ,A,buy,FALSE,87,78.02,59191200,1.68258E+18,2023-04-27T12:59:22
NFL,INE870D01012,27/04/23,BSE,EQ,A,buy,FALSE,87,78.02,59191400,1.68258E+18,2023-04-27T12:59:22
NFL,INE870D01012,27/04/23,BSE,EQ,A,buy,FALSE,87,78.02,59191600,1.68258E+18,2023-04-27T12:59:22
NFL,INE870D01012,27/04/23,BSE,EQ,A,buy,FALSE,39,78.02,59191800,1.68258E+18,2023-04-27T12:59:22
AUROPHARMA,INE406A01037,27/04/23,BSE,EQ,A,sell,FALSE,8,617.2,6526400,1.68259E+18,2023-04-27T15:26:19
AUROPHARMA,INE406A01037,27/04/23,BSE,EQ,A,sell,FALSE,92,617.05,6526700,1.68259E+18,2023-04-27T15:26:19
HDFCLIFE,INE795G01014,27/04/23,NSE,EQ,EQ,sell,FALSE,53,519.35,29813089,1.1E+15,2023-04-27T15:28:27
HDFCLIFE,INE795G01014,27/04/23,NSE,EQ,EQ,sell,FALSE,147,519.05,29813090,1.1E+15,2023-04-27T15:28:27
CHOLAFIN,INE121A01024,28/04/23,NSE,EQ,EQ,buy,FALSE,200,861.8,387876,1E+15,2023-04-28T09:29:01
AUROPHARMA,INE406A01037,28/04/23,NSE,EQ,EQ,buy,FALSE,110,614.4,1790246,1E+15,2023-04-28T11:17:07
CHOLAFIN,INE121A01024,28/04/23,NSE,EQ,EQ,sell,FALSE,12,867,2361905,1E+15,2023-04-28T12:16:39
CHOLAFIN,INE121A01024,28/04/23,NSE,EQ,EQ,sell,FALSE,22,867,2361904,1E+15,2023-04-28T12:16:39
CHOLAFIN,INE121A01024,28/04/23,NSE,EQ,EQ,sell,FALSE,30,867,2361906,1E+15,2023-04-28T12:16:39
CHOLAFIN,INE121A01024,28/04/23,NSE,EQ,EQ,sell,FALSE,136,867,2361907,1E+15,2023-04-28T12:16:39
AUROPHARMA,INE406A01037,28/04/23,NSE,EQ,EQ,buy,FALSE,100,611.45,2871303,1E+15,2023-04-28T13:14:46
AUROPHARMA,INE406A01037,28/04/23,NSE,EQ,EQ,sell,FALSE,210,617,4529747,1E+15,2023-04-28T15:25:32
CANFINHOME,INE477A01020,02/05/23,NSE,EQ,EQ,buy,FALSE,100,620,1549220,1E+15,2023-05-02T10:34:44
CANFINHOME,INE477A01020,02/05/23,NSE,EQ,EQ,buy,FALSE,70,619.6,1592128,1E+15,2023-05-02T10:38:10
CANFINHOME,INE477A01020,02/05/23,NSE,EQ,EQ,sell,FALSE,170,623,2459053,1E+15,2023-05-02T12:11:45
AUROPHARMA,INE406A01037,02/05/23,NSE,EQ,EQ,buy,FALSE,100,612.25,2461830,1E+15,2023-05-02T12:12:04
CANFINHOME,INE477A01020,02/05/23,NSE,EQ,EQ,sell,FALSE,49,630.3,2647331,1E+15,2023-05-02T12:36:36
CANFINHOME,INE477A01020,02/05/23,NSE,EQ,EQ,sell,FALSE,141,630.3,2647338,1E+15,2023-05-02T12:36:36
AUROPHARMA,INE406A01037,02/05/23,NSE,EQ,EQ,sell,FALSE,16,617.6,3320292,1E+15,2023-05-02T13:54:49
AUROPHARMA,INE406A01037,02/05/23,NSE,EQ,EQ,sell,FALSE,84,617.55,3322511,1E+15,2023-05-02T13:55:06
MUTHOOTFIN,INE414G01012,04/05/23,BSE,EQ,A,sell,FALSE,105,1043,301824400,1.68317E+18,2023-05-04T10:21:22
MUTHOOTFIN,INE414G01012,04/05/23,BSE,EQ,A,sell,FALSE,45,1043,301824200,1.68317E+18,2023-05-04T10:21:22
NIACL,INE470Y01017,04/05/23,BSE,EQ,A,sell,FALSE,500,126,310758600,1.68319E+18,2023-05-04T14:52:21
MANAPPURAM,INE522D01027,05/05/23,NSE,EQ,EQ,buy,FALSE,1,103.9,52185946,1.2E+15,2023-05-05T11:44:35
MANAPPURAM,INE522D01027,05/05/23,NSE,EQ,EQ,buy,FALSE,315,103.9,52186103,1.2E+15,2023-05-05T11:44:36
MANAPPURAM,INE522D01027,05/05/23,NSE,EQ,EQ,buy,FALSE,684,103.9,52186204,1.2E+15,2023-05-05T11:44:38
CARERATING,INE752H01013,05/05/23,BSE,EQ,B,buy,FALSE,35,657.7,317697700,1.68326E+18,2023-05-05T11:48:13
CARERATING,INE752H01013,05/05/23,BSE,EQ,B,buy,FALSE,2,657.6,317697400,1.68326E+18,2023-05-05T11:48:13
CARERATING,INE752H01013,05/05/23,BSE,EQ,B,buy,FALSE,10,657.45,317697200,1.68326E+18,2023-05-05T11:48:13
CARERATING,INE752H01013,05/05/23,BSE,EQ,B,buy,FALSE,9,657.4,317697000,1.68326E+18,2023-05-05T11:48:13
CARERATING,INE752H01013,05/05/23,BSE,EQ,B,buy,FALSE,6,657.9,317698500,1.68326E+18,2023-05-05T11:48:13
CARERATING,INE752H01013,05/05/23,BSE,EQ,B,buy,FALSE,9,657.85,317698300,1.68326E+18,2023-05-05T11:48:13
CARERATING,INE752H01013,05/05/23,BSE,EQ,B,buy,FALSE,7,657.95,317698700,1.68326E+18,2023-05-05T11:48:13
CARERATING,INE752H01013,05/05/23,BSE,EQ,B,buy,FALSE,10,657.8,317698100,1.68326E+18,2023-05-05T11:48:13
CARERATING,INE752H01013,05/05/23,BSE,EQ,B,buy,FALSE,12,657.75,317697900,1.68326E+18,2023-05-05T11:48:13
PFC,INE134E01011,05/05/23,NSE,EQ,EQ,buy,FALSE,88,169.75,53438260,1.2E+15,2023-05-05T14:18:16
PFC,INE134E01011,05/05/23,NSE,EQ,EQ,buy,FALSE,112,169.75,53438259,1.2E+15,2023-05-05T14:18:16
PFC,INE134E01011,09/05/23,BSE,EQ,A,buy,FALSE,300,167.3,2721700,1.68362E+18,2023-05-09T14:36:48
JKTYRE,INE573A01042,09/05/23,NSE,EQ,EQ,buy,FALSE,250,197.5,54903111,1.2E+15,2023-05-09T14:57:10
GLENMARK,INE935A01035,10/05/23,BSE,EQ,A,buy,FALSE,18,567.7,1846900,1.68369E+18,2023-05-10T09:52:44
GLENMARK,INE935A01035,10/05/23,BSE,EQ,A,buy,FALSE,74,567.7,1846700,1.68369E+18,2023-05-10T09:52:44
GLENMARK,INE935A01035,10/05/23,BSE,EQ,A,buy,FALSE,9,567.7,1846500,1.68369E+18,2023-05-10T09:52:44
GLENMARK,INE935A01035,10/05/23,BSE,EQ,A,buy,FALSE,9,567.7,1846300,1.68369E+18,2023-05-10T09:52:44
GLENMARK,INE935A01035,10/05/23,BSE,EQ,A,buy,FALSE,9,567.7,1846100,1.68369E+18,2023-05-10T09:52:44
GLENMARK,INE935A01035,10/05/23,BSE,EQ,A,buy,FALSE,9,567.7,1845900,1.68369E+18,2023-05-10T09:52:44
GLENMARK,INE935A01035,10/05/23,BSE,EQ,A,buy,FALSE,9,567.7,1845700,1.68369E+18,2023-05-10T09:52:44
GLENMARK,INE935A01035,10/05/23,BSE,EQ,A,buy,FALSE,9,567.7,1845500,1.68369E+18,2023-05-10T09:52:44
GLENMARK,INE935A01035,10/05/23,BSE,EQ,A,buy,FALSE,9,567.7,1845300,1.68369E+18,2023-05-10T09:52:44
GLENMARK,INE935A01035,10/05/23,BSE,EQ,A,buy,FALSE,7,567.7,1845100,1.68369E+18,2023-05-10T09:52:44
GLENMARK,INE935A01035,10/05/23,BSE,EQ,A,buy,FALSE,36,567.7,1847300,1.68369E+18,2023-05-10T09:52:44
GLENMARK,INE935A01035,10/05/23,BSE,EQ,A,buy,FALSE,2,567.7,1847100,1.68369E+18,2023-05-10T09:52:44
OFSS,INE881D01027,10/05/23,NSE,EQ,EQ,buy,FALSE,2,3448,50890720,1.2E+15,2023-05-10T09:55:58
OFSS,INE881D01027,10/05/23,NSE,EQ,EQ,buy,FALSE,1,3448,50891139,1.2E+15,2023-05-10T09:56:01
OFSS,INE881D01027,10/05/23,NSE,EQ,EQ,buy,FALSE,1,3448,50891979,1.2E+15,2023-05-10T09:56:05
OFSS,INE881D01027,10/05/23,NSE,EQ,EQ,buy,FALSE,26,3449,50892195,1.2E+15,2023-05-10T09:56:06
DELTACORP,INE124G01033,10/05/23,BSE,EQ,A,buy,FALSE,50,204.25,24461200,1.68369E+18,2023-05-10T10:00:46
OFSS,INE881D01027,10/05/23,NSE,EQ,EQ,sell,FALSE,15,3481.5,53256648,1.2E+15,2023-05-10T14:07:50
OFSS,INE881D01027,10/05/23,NSE,EQ,EQ,sell,FALSE,4,3480.05,53256652,1.2E+15,2023-05-10T14:07:50
OFSS,INE881D01027,10/05/23,NSE,EQ,EQ,sell,FALSE,3,3480.1,53256651,1.2E+15,2023-05-10T14:07:50
OFSS,INE881D01027,10/05/23,NSE,EQ,EQ,sell,FALSE,3,3480.15,53256650,1.2E+15,2023-05-10T14:07:50
OFSS,INE881D01027,10/05/23,NSE,EQ,EQ,sell,FALSE,1,3480.2,53256649,1.2E+15,2023-05-10T14:07:50
OFSS,INE881D01027,10/05/23,NSE,EQ,EQ,sell,FALSE,1,3481.5,53256647,1.2E+15,2023-05-10T14:07:50
OFSS,INE881D01027,10/05/23,NSE,EQ,EQ,sell,FALSE,3,3481.5,53256646,1.2E+15,2023-05-10T14:07:50
GLENMARK,INE935A01035,10/05/23,BSE,EQ,A,sell,FALSE,20,570.3,4922900,1.6837E+18,2023-05-10T14:10:27
GLENMARK,INE935A01035,10/05/23,BSE,EQ,A,sell,FALSE,5,570.3,4924100,1.6837E+18,2023-05-10T14:10:30
GLENMARK,INE935A01035,10/05/23,BSE,EQ,A,sell,FALSE,175,570.1,4962400,1.6837E+18,2023-05-10T14:15:54
DELTACORP,INE124G01033,10/05/23,BSE,EQ,A,sell,FALSE,31,204.3,72486400,1.68371E+18,2023-05-10T14:23:31
DELTACORP,INE124G01033,10/05/23,BSE,EQ,A,sell,FALSE,18,204.25,72486600,1.68371E+18,2023-05-10T14:23:31
DELTACORP,INE124G01033,10/05/23,BSE,EQ,A,sell,FALSE,1,204.35,72486200,1.68371E+18,2023-05-10T14:23:31
CARERATING,INE752H01013,11/05/23,NSE,EQ,EQ,sell,FALSE,100,690,1845232,1E+15,2023-05-11T11:46:59
KOTAKBANK,INE237A01028,11/05/23,NSE,EQ,EQ,sell,FALSE,4,1962.85,52217578,1.2E+15,2023-05-11T11:49:33
KOTAKBANK,INE237A01028,11/05/23,NSE,EQ,EQ,sell,FALSE,2,1962.85,52217577,1.2E+15,2023-05-11T11:49:33
KOTAKBANK,INE237A01028,11/05/23,NSE,EQ,EQ,sell,FALSE,2,1962.85,52217576,1.2E+15,2023-05-11T11:49:33
KOTAKBANK,INE237A01028,11/05/23,NSE,EQ,EQ,sell,FALSE,4,1962.85,52217575,1.2E+15,2023-05-11T11:49:33
KOTAKBANK,INE237A01028,11/05/23,NSE,EQ,EQ,sell,FALSE,2,1962.85,52217574,1.2E+15,2023-05-11T11:49:33
KOTAKBANK,INE237A01028,11/05/23,NSE,EQ,EQ,sell,FALSE,2,1962.85,52217573,1.2E+15,2023-05-11T11:49:33
KOTAKBANK,INE237A01028,11/05/23,NSE,EQ,EQ,sell,FALSE,4,1962.85,52217572,1.2E+15,2023-05-11T11:49:33
KOTAKBANK,INE237A01028,11/05/23,NSE,EQ,EQ,sell,FALSE,2,1962.85,52217571,1.2E+15,2023-05-11T11:49:33
KOTAKBANK,INE237A01028,11/05/23,NSE,EQ,EQ,sell,FALSE,2,1962.85,52217570,1.2E+15,2023-05-11T11:49:33
KOTAKBANK,INE237A01028,11/05/23,NSE,EQ,EQ,sell,FALSE,4,1962.85,52217569,1.2E+15,2023-05-11T11:49:33
KOTAKBANK,INE237A01028,11/05/23,NSE,EQ,EQ,sell,FALSE,2,1962.85,52217579,1.2E+15,2023-05-11T11:49:33
MANAPPURAM,INE522D01027,11/05/23,NSE,EQ,EQ,sell,FALSE,539,114,52227967,1.2E+15,2023-05-11T11:50:35
MANAPPURAM,INE522D01027,11/05/23,NSE,EQ,EQ,sell,FALSE,3,114,52228228,1.2E+15,2023-05-11T11:50:37
HINDCOPPER,INE531E01026,11/05/23,NSE,EQ,EQ,sell,FALSE,531,106.6,27688245,1.1E+15,2023-05-11T11:52:25
MANAPPURAM,INE522D01027,11/05/23,NSE,EQ,EQ,sell,FALSE,458,114,52268084,1.2E+15,2023-05-11T11:54:44
INTELLECT,INE306R01017,11/05/23,NSE,EQ,EQ,sell,FALSE,1,466.1,27764727,1.1E+15,2023-05-11T11:58:45
INTELLECT,INE306R01017,11/05/23,NSE,EQ,EQ,sell,FALSE,66,466.1,27772256,1.1E+15,2023-05-11T11:59:20
INTELLECT,INE306R01017,11/05/23,NSE,EQ,EQ,sell,FALSE,133,466.1,27794036,1.1E+15,2023-05-11T12:01:09
HINDCOPPER,INE531E01026,11/05/23,BSE,EQ,A,sell,FALSE,469,105.75,1947500,1.68378E+18,2023-05-11T12:03:33
JKCEMENT,INE823G01014,11/05/23,BSE,EQ,A,sell,FALSE,1,3046.6,2272500,1.68378E+18,2023-05-11T13:15:49
JKCEMENT,INE823G01014,11/05/23,BSE,EQ,A,sell,FALSE,1,3046.65,2272300,1.68378E+18,2023-05-11T13:15:49
BEL,INE263A01024,12/05/23,BSE,EQ,A,sell,FALSE,235,108.15,78200,1.68386E+18,2023-05-12T09:15:28
BEL,INE263A01024,12/05/23,BSE,EQ,A,sell,FALSE,265,108.1,78500,1.68386E+18,2023-05-12T09:15:28
BANKBARODA,INE028A01039,12/05/23,BSE,EQ,A,sell,FALSE,100,178.3,77300,1.68386E+18,2023-05-12T09:15:36
BANDHANBNK,INE545U01014,12/05/23,NSE,EQ,EQ,sell,FALSE,100,238.15,232033,1E+15,2023-05-12T09:22:10
BANDHANBNK,INE545U01014,12/05/23,NSE,EQ,EQ,sell,FALSE,45,238.15,232032,1E+15,2023-05-12T09:22:10
BANDHANBNK,INE545U01014,12/05/23,NSE,EQ,EQ,sell,FALSE,35,238.15,232031,1E+15,2023-05-12T09:22:10
BANDHANBNK,INE545U01014,12/05/23,NSE,EQ,EQ,sell,FALSE,28,238.15,232035,1E+15,2023-05-12T09:22:10
BANDHANBNK,INE545U01014,12/05/23,NSE,EQ,EQ,sell,FALSE,42,238.15,232034,1E+15,2023-05-12T09:22:10
DELTACORP,INE124G01033,12/05/23,NSE,EQ,EQ,sell,FALSE,94,213,25341649,1.1E+15,2023-05-12T09:22:15
DELTACORP,INE124G01033,12/05/23,NSE,EQ,EQ,sell,FALSE,55,212.95,25341652,1.1E+15,2023-05-12T09:22:15
DELTACORP,INE124G01033,12/05/23,NSE,EQ,EQ,sell,FALSE,136,212.95,25341651,1.1E+15,2023-05-12T09:22:15
DELTACORP,INE124G01033,12/05/23,NSE,EQ,EQ,sell,FALSE,165,212.95,25341650,1.1E+15,2023-05-12T09:22:15
LTTS,INE010V01017,12/05/23,BSE,EQ,A,sell,FALSE,15,3872.25,343400,1.68386E+18,2023-05-12T09:22:33
LTTS,INE010V01017,12/05/23,BSE,EQ,A,sell,FALSE,5,3873,343200,1.68386E+18,2023-05-12T09:22:33
DELTACORP,INE124G01033,12/05/23,NSE,EQ,EQ,buy,FALSE,450,215.45,25782699,1.1E+15,2023-05-12T09:38:41
HDFCLIFE,INE795G01014,12/05/23,NSE,EQ,EQ,buy,FALSE,200,560,30533844,1.1E+15,2023-05-12T15:23:35
LAURUSLABS,INE947Q01028,12/05/23,NSE,EQ,EQ,buy,FALSE,200,308.45,54540584,1.2E+15,2023-05-12T15:24:31
LAURUSLABS,INE947Q01028,12/05/23,NSE,EQ,EQ,buy,FALSE,100,309.35,54565393,1.2E+15,2023-05-12T15:25:48
CANFINHOME,INE477A01020,15/05/23,NSE,EQ,EQ,buy,FALSE,3,649,1719776,1E+15,2023-05-15T11:17:07
CANFINHOME,INE477A01020,15/05/23,NSE,EQ,EQ,buy,FALSE,50,649,1719775,1E+15,2023-05-15T11:17:07
CANFINHOME,INE477A01020,15/05/23,NSE,EQ,EQ,buy,FALSE,8,649,1722459,1E+15,2023-05-15T11:17:26
CANFINHOME,INE477A01020,15/05/23,NSE,EQ,EQ,buy,FALSE,6,649,1724058,1E+15,2023-05-15T11:17:36
CANFINHOME,INE477A01020,15/05/23,NSE,EQ,EQ,buy,FALSE,15,649,1724413,1E+15,2023-05-15T11:17:39
CANFINHOME,INE477A01020,15/05/23,NSE,EQ,EQ,buy,FALSE,6,649,1725521,1E+15,2023-05-15T11:17:46
CANFINHOME,INE477A01020,15/05/23,NSE,EQ,EQ,buy,FALSE,7,649,1727186,1E+15,2023-05-15T11:17:56
CANFINHOME,INE477A01020,15/05/23,NSE,EQ,EQ,buy,FALSE,6,649,1728705,1E+15,2023-05-15T11:18:06
CANFINHOME,INE477A01020,15/05/23,NSE,EQ,EQ,buy,FALSE,20,649,1730752,1E+15,2023-05-15T11:18:19
CANFINHOME,INE477A01020,15/05/23,NSE,EQ,EQ,buy,FALSE,7,649,1731933,1E+15,2023-05-15T11:18:26
CANFINHOME,INE477A01020,15/05/23,NSE,EQ,EQ,buy,FALSE,7,649,1733294,1E+15,2023-05-15T11:18:36
GNFC,INE113A01013,15/05/23,NSE,EQ,EQ,buy,FALSE,200,634,27180729,1.1E+15,2023-05-15T11:19:14
RAIN,INE855B01025,15/05/23,BSE,EQ,A,buy,FALSE,57,149.1,2357400,1.68412E+18,2023-05-15T11:25:55
RAIN,INE855B01025,15/05/23,BSE,EQ,A,buy,FALSE,443,149.1,2370300,1.68412E+18,2023-05-15T11:28:03
JKTYRE,INE573A01042,15/05/23,NSE,EQ,EQ,buy,FALSE,250,196.5,51918135,1.2E+15,2023-05-15T11:31:16
MANAPPURAM,INE522D01027,15/05/23,NSE,EQ,EQ,buy,FALSE,500,111,52046981,1.2E+15,2023-05-15T11:45:29
CANFINHOME,INE477A01020,15/05/23,NSE,EQ,EQ,buy,FALSE,65,650.85,1995508,1E+15,2023-05-15T11:47:23
CANFINHOME,INE477A01020,15/05/23,NSE,EQ,EQ,sell,FALSE,80,658.2,4098455,1E+15,2023-05-15T15:17:14
CANFINHOME,INE477A01020,15/05/23,NSE,EQ,EQ,sell,FALSE,100,658.2,4100523,1E+15,2023-05-15T15:17:20
CANFINHOME,INE477A01020,15/05/23,NSE,EQ,EQ,sell,FALSE,20,658.2,4102728,1E+15,2023-05-15T15:17:27
PFC,INE134E01011,17/05/23,NSE,EQ,EQ,buy,FALSE,100,165.6,51291012,1.2E+15,2023-05-17T10:25:42
PFC,INE134E01011,17/05/23,NSE,EQ,EQ,buy,FALSE,100,163.7,52396538,1.2E+15,2023-05-17T11:58:55
INTELLECT,INE306R01017,17/05/23,NSE,EQ,EQ,buy,FALSE,150,536,27874793,1.1E+15,2023-05-17T12:19:22
TATAPOWER,INE245A01021,17/05/23,NSE,EQ,EQ,buy,FALSE,10,207.5,78809855,1.3E+15,2023-05-17T14:17:12
TATAPOWER,INE245A01021,17/05/23,NSE,EQ,EQ,buy,FALSE,180,207.5,78809781,1.3E+15,2023-05-17T14:17:12
TATAPOWER,INE245A01021,17/05/23,NSE,EQ,EQ,buy,FALSE,100,207.5,78810080,1.3E+15,2023-05-17T14:17:14
TATAPOWER,INE245A01021,17/05/23,NSE,EQ,EQ,buy,FALSE,27,207.5,78810200,1.3E+15,2023-05-17T14:17:15
TATAPOWER,INE245A01021,17/05/23,NSE,EQ,EQ,buy,FALSE,183,207.5,78810460,1.3E+15,2023-05-17T14:17:17
KIRLOSBROS,INE732A01036,17/05/23,NSE,EQ,EQ,buy,FALSE,100,530,54167431,1.2E+15,2023-05-17T14:47:27
MUTHOOTFIN,INE414G01012,17/05/23,NSE,EQ,EQ,buy,FALSE,14,1053,54197687,1.2E+15,2023-05-17T14:50:23
MUTHOOTFIN,INE414G01012,17/05/23,NSE,EQ,EQ,buy,FALSE,1,1053,54197967,1.2E+15,2023-05-17T14:50:24
MUTHOOTFIN,INE414G01012,17/05/23,NSE,EQ,EQ,buy,FALSE,35,1053,54198032,1.2E+15,2023-05-17T14:50:24
AUROPHARMA,INE406A01037,17/05/23,NSE,EQ,EQ,buy,FALSE,29,621.5,3736861,1E+15,2023-05-17T15:04:42
AUROPHARMA,INE406A01037,17/05/23,NSE,EQ,EQ,buy,FALSE,71,621.5,3737024,1E+15,2023-05-17T15:04:43
KIRLOSBROS,INE732A01036,18/05/23,NSE,EQ,EQ,sell,FALSE,100,573.2,53565002,1.2E+15,2023-05-18T14:37:06
DELTACORP,INE124G01033,23/05/23,NSE,EQ,EQ,sell,FALSE,450,230,27473801,1.1E+15,2023-05-23T12:16:38
MUTHOOTFIN,INE414G01012,24/05/23,BSE,EQ,A,sell,FALSE,6,1123.95,25500,1.6849E+18,2023-05-24T09:15:14
MUTHOOTFIN,INE414G01012,24/05/23,BSE,EQ,A,sell,FALSE,44,1123.65,25700,1.6849E+18,2023-05-24T09:15:14
LAURUSLABS,INE947Q01028,24/05/23,BSE,EQ,A,sell,FALSE,2,333.95,8468400,1.68492E+18,2023-05-24T15:29:38
LAURUSLABS,INE947Q01028,24/05/23,BSE,EQ,A,sell,FALSE,287,333.9,8468600,1.68492E+18,2023-05-24T15:29:38
LAURUSLABS,INE947Q01028,24/05/23,BSE,EQ,A,sell,FALSE,10,334,8468200,1.68492E+18,2023-05-24T15:29:38
LAURUSLABS,INE947Q01028,24/05/23,BSE,EQ,A,sell,FALSE,1,334.05,8468000,1.68492E+18,2023-05-24T15:29:38
PFC,INE134E01011,26/05/23,NSE,EQ,EQ,sell,FALSE,700,169.55,52969456,1.2E+15,2023-05-26T13:33:16
ICICIPRULI,INE726G01019,26/05/23,NSE,EQ,EQ,sell,FALSE,200,444,28226432,1.1E+15,2023-05-26T13:43:44
RBLBANK,INE976G01028,30/05/23,BSE,EQ,A,sell,FALSE,500,161.95,5137900,1.68542E+18,2023-05-30T13:19:57
AUROPHARMA,INE406A01037,30/05/23,NSE,EQ,EQ,sell,FALSE,100,649,2883658,1E+15,2023-05-30T14:12:41
CARERATING,INE752H01013,30/05/23,NSE,EQ,EQ,buy,FALSE,80,646,3879837,1E+15,2023-05-30T15:28:47
CARERATING,INE752H01013,31/05/23,NSE,EQ,EQ,buy,FALSE,33,642,785387,1E+15,2023-05-31T09:50:48
CARERATING,INE752H01013,31/05/23,NSE,EQ,EQ,buy,FALSE,17,642,785386,1E+15,2023-05-31T09:50:48
CARERATING,INE752H01013,31/05/23,NSE,EQ,EQ,buy,FALSE,50,635,3913709,1E+15,2023-05-31T14:49:53
CARERATING,INE752H01013,31/05/23,NSE,EQ,EQ,buy,FALSE,27,633.5,4600058,1E+15,2023-05-31T15:10:26
CARERATING,INE752H01013,31/05/23,NSE,EQ,EQ,buy,FALSE,3,636.65,4732696,1E+15,2023-05-31T15:13:25
REDINGTON,INE891D01026,01/06/23,BSE,EQ,A,sell,FALSE,280,180.45,1620200,1.68559E+18,2023-06-01T12:06:28
REDINGTON,INE891D01026,01/06/23,BSE,EQ,A,sell,FALSE,220,180.45,1620400,1.68559E+18,2023-06-01T12:06:28
LAURUSLABS,INE947Q01028,05/06/23,NSE,EQ,EQ,buy,FALSE,36,344.8,53899071,1.2E+15,2023-06-05T14:02:09
LAURUSLABS,INE947Q01028,05/06/23,NSE,EQ,EQ,buy,FALSE,1,344.8,53899072,1.2E+15,2023-06-05T14:02:09
LAURUSLABS,INE947Q01028,05/06/23,NSE,EQ,EQ,buy,FALSE,49,344.8,53903793,1.2E+15,2023-06-05T14:02:38
LAURUSLABS,INE947Q01028,05/06/23,NSE,EQ,EQ,buy,FALSE,114,344.8,53906813,1.2E+15,2023-06-05T14:02:54
JKTYRE,INE573A01042,05/06/23,BSE,EQ,A,buy,FALSE,200,185.4,3027200,1.68595E+18,2023-06-05T14:06:40
CARERATING,INE752H01013,05/06/23,NSE,EQ,EQ,sell,FALSE,210,703.2,3646918,1E+15,2023-06-05T14:41:31
ZEEL,INE256A01028,06/06/23,NSE,EQ,EQ,buy,FALSE,200,198.2,75870326,1.3E+15,2023-06-06T09:49:40
INTELLECT,INE306R01017,06/06/23,NSE,EQ,EQ,buy,FALSE,50,591.5,25977941,1.1E+15,2023-06-06T09:59:51
INTELLECT,INE306R01017,06/06/23,NSE,EQ,EQ,buy,FALSE,50,586,26407724,1.1E+15,2023-06-06T10:32:14
RAIN,INE855B01025,08/06/23,NSE,EQ,EQ,sell,FALSE,1000,161.6,75895981,1.3E+15,2023-06-08T09:39:11
MANAPPURAM,INE522D01027,09/06/23,BSE,EQ,A,sell,FALSE,500,116.6,1917800,1.68628E+18,2023-06-09T09:45:12
COALINDIA,INE522F01014,09/06/23,NSE,EQ,EQ,buy,FALSE,11,228.15,2782456,1E+15,2023-06-09T14:28:22
COALINDIA,INE522F01014,09/06/23,NSE,EQ,EQ,buy,FALSE,3,228.15,2784863,1E+15,2023-06-09T14:28:37
COALINDIA,INE522F01014,09/06/23,NSE,EQ,EQ,buy,FALSE,1,228.15,2785036,1E+15,2023-06-09T14:28:39
COALINDIA,INE522F01014,09/06/23,NSE,EQ,EQ,buy,FALSE,1,228.15,2785232,1E+15,2023-06-09T14:28:40
COALINDIA,INE522F01014,09/06/23,NSE,EQ,EQ,buy,FALSE,10,228.15,2785208,1E+15,2023-06-09T14:28:40
COALINDIA,INE522F01014,09/06/23,NSE,EQ,EQ,buy,FALSE,11,228.15,2786583,1E+15,2023-06-09T14:28:48
COALINDIA,INE522F01014,09/06/23,NSE,EQ,EQ,buy,FALSE,50,228.15,2787018,1E+15,2023-06-09T14:28:50
COALINDIA,INE522F01014,09/06/23,NSE,EQ,EQ,buy,FALSE,11,228.15,2787636,1E+15,2023-06-09T14:28:52
COALINDIA,INE522F01014,09/06/23,NSE,EQ,EQ,buy,FALSE,11,228.15,2788360,1E+15,2023-06-09T14:28:57
COALINDIA,INE522F01014,09/06/23,NSE,EQ,EQ,buy,FALSE,7,228.15,2789233,1E+15,2023-06-09T14:29:01
COALINDIA,INE522F01014,09/06/23,NSE,EQ,EQ,buy,FALSE,11,228.15,2789619,1E+15,2023-06-09T14:29:02
COALINDIA,INE522F01014,09/06/23,NSE,EQ,EQ,buy,FALSE,73,228.15,2789851,1E+15,2023-06-09T14:29:03
ZEEL,INE256A01028,09/06/23,NSE,EQ,EQ,buy,FALSE,5,194.45,79119354,1.3E+15,2023-06-09T14:34:36
ZEEL,INE256A01028,09/06/23,NSE,EQ,EQ,buy,FALSE,169,194.45,79121803,1.3E+15,2023-06-09T14:34:46
ZEEL,INE256A01028,09/06/23,NSE,EQ,EQ,buy,FALSE,26,194.45,79138121,1.3E+15,2023-06-09T14:36:02
JKTYRE,INE573A01042,09/06/23,NSE,EQ,EQ,sell,FALSE,100,187.45,53745622,1.2E+15,2023-06-09T14:36:06
KIRLOSBROS,INE732A01036,09/06/23,BSE,EQ,B,buy,FALSE,10,567,42590100,1.6863E+18,2023-06-09T15:09:21
KIRLOSBROS,INE732A01036,09/06/23,BSE,EQ,B,buy,FALSE,66,567,42590300,1.6863E+18,2023-06-09T15:09:21
KIRLOSBROS,INE732A01036,09/06/23,BSE,EQ,B,buy,FALSE,4,567,42589500,1.6863E+18,2023-06-09T15:09:21
KIRLOSBROS,INE732A01036,09/06/23,BSE,EQ,B,buy,FALSE,10,567,42589700,1.6863E+18,2023-06-09T15:09:21
KIRLOSBROS,INE732A01036,09/06/23,BSE,EQ,B,buy,FALSE,10,567,42589900,1.6863E+18,2023-06-09T15:09:21
KIRLOSBROS,INE732A01036,09/06/23,BSE,EQ,B,buy,FALSE,12,564.95,45693900,1.6863E+18,2023-06-09T15:24:11
KIRLOSBROS,INE732A01036,09/06/23,BSE,EQ,B,buy,FALSE,18,564.95,45755800,1.6863E+18,2023-06-09T15:24:28
LAURUSLABS,INE947Q01028,09/06/23,NSE,EQ,EQ,buy,FALSE,200,340.2,54526881,1.2E+15,2023-06-09T15:24:28
COROMANDEL,INE169A01031,13/06/23,NSE,EQ,EQ,buy,FALSE,37,937.65,3184387,1E+15,2023-06-13T14:20:51
COROMANDEL,INE169A01031,13/06/23,NSE,EQ,EQ,buy,FALSE,7,937.6,3184384,1E+15,2023-06-13T14:20:51
COROMANDEL,INE169A01031,13/06/23,NSE,EQ,EQ,buy,FALSE,3,937.6,3184385,1E+15,2023-06-13T14:20:51
COROMANDEL,INE169A01031,13/06/23,NSE,EQ,EQ,buy,FALSE,3,937.65,3184386,1E+15,2023-06-13T14:20:51
COROMANDEL,INE169A01031,13/06/23,NSE,EQ,EQ,buy,FALSE,3,937.8,3187520,1E+15,2023-06-13T14:21:11
COROMANDEL,INE169A01031,13/06/23,NSE,EQ,EQ,buy,FALSE,1,937.8,3187511,1E+15,2023-06-13T14:21:11
COROMANDEL,INE169A01031,13/06/23,NSE,EQ,EQ,buy,FALSE,3,937.8,3187512,1E+15,2023-06-13T14:21:11
COROMANDEL,INE169A01031,13/06/23,NSE,EQ,EQ,buy,FALSE,1,937.8,3187513,1E+15,2023-06-13T14:21:11
COROMANDEL,INE169A01031,13/06/23,NSE,EQ,EQ,buy,FALSE,1,937.8,3187514,1E+15,2023-06-13T14:21:11
COROMANDEL,INE169A01031,13/06/23,NSE,EQ,EQ,buy,FALSE,3,937.8,3187515,1E+15,2023-06-13T14:21:11
COROMANDEL,INE169A01031,13/06/23,NSE,EQ,EQ,buy,FALSE,1,937.8,3187516,1E+15,2023-06-13T14:21:11
COROMANDEL,INE169A01031,13/06/23,NSE,EQ,EQ,buy,FALSE,1,937.8,3187517,1E+15,2023-06-13T14:21:11
COROMANDEL,INE169A01031,13/06/23,NSE,EQ,EQ,buy,FALSE,3,937.8,3187518,1E+15,2023-06-13T14:21:11
COROMANDEL,INE169A01031,13/06/23,NSE,EQ,EQ,buy,FALSE,1,937.8,3187519,1E+15,2023-06-13T14:21:11
COROMANDEL,INE169A01031,13/06/23,NSE,EQ,EQ,buy,FALSE,1,937.8,3187521,1E+15,2023-06-13T14:21:11
COROMANDEL,INE169A01031,13/06/23,NSE,EQ,EQ,buy,FALSE,3,937.8,3187522,1E+15,2023-06-13T14:21:11
COROMANDEL,INE169A01031,13/06/23,NSE,EQ,EQ,buy,FALSE,1,937.8,3187523,1E+15,2023-06-13T14:21:11
COROMANDEL,INE169A01031,13/06/23,NSE,EQ,EQ,buy,FALSE,5,937.8,3187524,1E+15,2023-06-13T14:21:11
COROMANDEL,INE169A01031,13/06/23,NSE,EQ,EQ,buy,FALSE,2,937.85,3187525,1E+15,2023-06-13T14:21:11
COROMANDEL,INE169A01031,13/06/23,NSE,EQ,EQ,buy,FALSE,11,937.9,3187526,1E+15,2023-06-13T14:21:11
COROMANDEL,INE169A01031,13/06/23,NSE,EQ,EQ,buy,FALSE,2,937.95,3187527,1E+15,2023-06-13T14:21:11
COROMANDEL,INE169A01031,13/06/23,NSE,EQ,EQ,buy,FALSE,1,937.95,3187528,1E+15,2023-06-13T14:21:11
COROMANDEL,INE169A01031,13/06/23,NSE,EQ,EQ,buy,FALSE,4,937.95,3187529,1E+15,2023-06-13T14:21:11
COROMANDEL,INE169A01031,13/06/23,NSE,EQ,EQ,buy,FALSE,1,937.95,3187530,1E+15,2023-06-13T14:21:11
COROMANDEL,INE169A01031,13/06/23,NSE,EQ,EQ,buy,FALSE,1,937.8,3187510,1E+15,2023-06-13T14:21:11
GNFC,INE113A01013,14/06/23,NSE,EQ,EQ,buy,FALSE,100,599.85,26682465,1.1E+15,2023-06-14T10:35:49
OBEROIRLTY,INE093I01010,14/06/23,NSE,EQ,EQ,buy,FALSE,60,984,51914517,1.2E+15,2023-06-14T11:06:03
OBEROIRLTY,INE093I01010,14/06/23,NSE,EQ,EQ,buy,FALSE,40,984,51914733,1.2E+15,2023-06-14T11:06:05
GLENMARK,INE935A01035,14/06/23,NSE,EQ,EQ,buy,FALSE,100,642.5,27444010,1.1E+15,2023-06-14T11:29:06
CARERATING,INE752H01013,14/06/23,NSE,EQ,EQ,buy,FALSE,128,670,1735482,1E+15,2023-06-14T11:30:12
CARERATING,INE752H01013,14/06/23,NSE,EQ,EQ,buy,FALSE,22,670,1738132,1E+15,2023-06-14T11:30:33
INTELLECT,INE306R01017,14/06/23,NSE,EQ,EQ,sell,FALSE,140,613.1,27587256,1.1E+15,2023-06-14T11:41:36
INTELLECT,INE306R01017,14/06/23,NSE,EQ,EQ,sell,FALSE,110,613.1,27587257,1.1E+15,2023-06-14T11:41:36
NFL,INE870D01012,14/06/23,BSE,EQ,A,buy,FALSE,600,72.87,86123300,1.68673E+18,2023-06-14T13:31:58
OBEROIRLTY,INE093I01010,15/06/23,BSE,EQ,A,sell,FALSE,10,1036,1487400,1.6868E+18,2023-06-15T10:44:41
OBEROIRLTY,INE093I01010,15/06/23,BSE,EQ,A,sell,FALSE,90,1036,1487600,1.6868E+18,2023-06-15T10:44:41
KIRLOSBROS,INE732A01036,16/06/23,BSE,EQ,B,sell,FALSE,130,605,11786400,1.68689E+18,2023-06-16T10:00:29
CHOLAFIN,INE121A01024,16/06/23,NSE,EQ,EQ,buy,FALSE,62,1116,945279,1E+15,2023-06-16T10:07:35
CHOLAFIN,INE121A01024,16/06/23,NSE,EQ,EQ,buy,FALSE,4,1124.5,1324770,1E+15,2023-06-16T10:44:51
CHOLAFIN,INE121A01024,16/06/23,NSE,EQ,EQ,buy,FALSE,5,1124.5,1324775,1E+15,2023-06-16T10:44:51
CHOLAFIN,INE121A01024,16/06/23,NSE,EQ,EQ,buy,FALSE,1,1124.5,1324772,1E+15,2023-06-16T10:44:51
CHOLAFIN,INE121A01024,16/06/23,NSE,EQ,EQ,buy,FALSE,19,1124.5,1324773,1E+15,2023-06-16T10:44:51
CHOLAFIN,INE121A01024,16/06/23,NSE,EQ,EQ,buy,FALSE,3,1124.5,1324774,1E+15,2023-06-16T10:44:51
CHOLAFIN,INE121A01024,16/06/23,NSE,EQ,EQ,buy,FALSE,5,1124.5,1324771,1E+15,2023-06-16T10:44:51
CHOLAFIN,INE121A01024,16/06/23,NSE,EQ,EQ,buy,FALSE,1,1124.5,1324769,1E+15,2023-06-16T10:44:51
AUROPHARMA,INE406A01037,16/06/23,NSE,EQ,EQ,buy,FALSE,150,677.5,1632590,1E+15,2023-06-16T11:15:56
HDFCLIFE,INE795G01014,16/06/23,NSE,EQ,EQ,sell,FALSE,200,595,27578655,1.1E+15,2023-06-16T11:19:29
RBLBANK,INE976G01028,19/06/23,NSE,EQ,EQ,buy,FALSE,93,172.05,79528074,1.3E+15,2023-06-19T15:06:04
RBLBANK,INE976G01028,19/06/23,NSE,EQ,EQ,buy,FALSE,7,172.05,79528073,1.3E+15,2023-06-19T15:06:04
RBLBANK,INE976G01028,19/06/23,NSE,EQ,EQ,buy,FALSE,100,172.1,79534580,1.3E+15,2023-06-19T15:06:30
RBLBANK,INE976G01028,19/06/23,NSE,EQ,EQ,buy,FALSE,100,172,79539428,1.3E+15,2023-06-19T15:06:46
RBLBANK,INE976G01028,19/06/23,NSE,EQ,EQ,buy,FALSE,31,172,79548740,1.3E+15,2023-06-19T15:07:25
RBLBANK,INE976G01028,19/06/23,NSE,EQ,EQ,buy,FALSE,100,172.1,79549567,1.3E+15,2023-06-19T15:07:28
RBLBANK,INE976G01028,19/06/23,NSE,EQ,EQ,buy,FALSE,69,172,79550301,1.3E+15,2023-06-19T15:07:31
CARERATING,INE752H01013,20/06/23,BSE,EQ,B,sell,FALSE,3,707,43807800,1.68725E+18,2023-06-20T15:22:48
CARERATING,INE752H01013,20/06/23,BSE,EQ,B,sell,FALSE,7,707,43808200,1.68725E+18,2023-06-20T15:22:48
CARERATING,INE752H01013,20/06/23,BSE,EQ,B,sell,FALSE,7,707,43808000,1.68725E+18,2023-06-20T15:22:48
CARERATING,INE752H01013,20/06/23,BSE,EQ,B,sell,FALSE,5,707,43808400,1.68725E+18,2023-06-20T15:22:48
CARERATING,INE752H01013,20/06/23,BSE,EQ,B,sell,FALSE,5,707,43812300,1.68725E+18,2023-06-20T15:22:49
CARERATING,INE752H01013,20/06/23,BSE,EQ,B,sell,FALSE,2,707,43812500,1.68725E+18,2023-06-20T15:22:49
CARERATING,INE752H01013,20/06/23,BSE,EQ,B,sell,FALSE,2,707,43825200,1.68725E+18,2023-06-20T15:22:52
CARERATING,INE752H01013,20/06/23,BSE,EQ,B,sell,FALSE,38,707,43824200,1.68725E+18,2023-06-20T15:22:52
CARERATING,INE752H01013,20/06/23,BSE,EQ,B,sell,FALSE,38,707,43824400,1.68725E+18,2023-06-20T15:22:52
CARERATING,INE752H01013,20/06/23,BSE,EQ,B,sell,FALSE,2,707,43824600,1.68725E+18,2023-06-20T15:22:52
CARERATING,INE752H01013,20/06/23,BSE,EQ,B,sell,FALSE,2,707,43824800,1.68725E+18,2023-06-20T15:22:52
CARERATING,INE752H01013,20/06/23,BSE,EQ,B,sell,FALSE,8,707,43825000,1.68725E+18,2023-06-20T15:22:52
CARERATING,INE752H01013,20/06/23,BSE,EQ,B,sell,FALSE,31,707,43825400,1.68725E+18,2023-06-20T15:22:52
JSWSTEEL,INE019A01038,21/06/23,NSE,EQ,EQ,sell,FALSE,50,762.1,50722431,1.2E+15,2023-06-21T09:35:33
INTELLECT,INE306R01017,23/06/23,NSE,EQ,EQ,buy,FALSE,8,597.6,29980190,1.1E+15,2023-06-23T15:00:58
INTELLECT,INE306R01017,23/06/23,NSE,EQ,EQ,buy,FALSE,1,597.55,29980186,1.1E+15,2023-06-23T15:00:58
INTELLECT,INE306R01017,23/06/23,NSE,EQ,EQ,buy,FALSE,15,597.55,29980187,1.1E+15,2023-06-23T15:00:58
INTELLECT,INE306R01017,23/06/23,NSE,EQ,EQ,buy,FALSE,20,597.55,29980188,1.1E+15,2023-06-23T15:00:58
INTELLECT,INE306R01017,23/06/23,NSE,EQ,EQ,buy,FALSE,39,597.55,29980189,1.1E+15,2023-06-23T15:00:58
INTELLECT,INE306R01017,23/06/23,NSE,EQ,EQ,buy,FALSE,26,597.6,29980191,1.1E+15,2023-06-23T15:00:58
INTELLECT,INE306R01017,23/06/23,NSE,EQ,EQ,buy,FALSE,60,597.6,29980192,1.1E+15,2023-06-23T15:00:58
INTELLECT,INE306R01017,23/06/23,NSE,EQ,EQ,buy,FALSE,31,597.6,29980193,1.1E+15,2023-06-23T15:00:58
CHOLAFIN,INE121A01024,23/06/23,NSE,EQ,EQ,buy,FALSE,98,1090,4632127,1E+15,2023-06-23T15:11:42
CHOLAFIN,INE121A01024,23/06/23,NSE,EQ,EQ,buy,FALSE,2,1090,4632126,1E+15,2023-06-23T15:11:42
ZEEL,INE256A01028,23/06/23,NSE,EQ,EQ,buy,FALSE,12,177,79606094,1.3E+15,2023-06-23T15:12:20
ZEEL,INE256A01028,23/06/23,NSE,EQ,EQ,buy,FALSE,188,177,79606410,1.3E+15,2023-06-23T15:12:22
WIPRO,INE075A01022,23/06/23,BSE,EQ,A,buy,FALSE,20,380.05,5238200,1.68751E+18,2023-06-23T15:14:46
ABFRL,INE647O01011,23/06/23,BSE,EQ,A,buy,FALSE,100,204,1644400,1.68749E+18,2023-06-23T15:18:19
INTELLECT,INE306R01017,23/06/23,NSE,EQ,EQ,buy,FALSE,20,595.6,30499048,1.1E+15,2023-06-23T15:23:11
GLENMARK,INE935A01035,23/06/23,NSE,EQ,EQ,buy,FALSE,50,631.9,30542803,1.1E+15,2023-06-23T15:24:50
LAURUSLABS,INE947Q01028,27/06/23,BSE,EQ,A,sell,FALSE,212,369.6,3103000,1.68784E+18,2023-06-27T12:16:06
LAURUSLABS,INE947Q01028,27/06/23,BSE,EQ,A,sell,FALSE,188,369.6,3110100,1.68784E+18,2023-06-27T12:16:41
COROMANDEL,INE169A01031,27/06/23,NSE,EQ,EQ,buy,FALSE,50,937.4,2959502,1E+15,2023-06-27T13:41:55
JKTYRE,INE573A01042,27/06/23,BSE,EQ,A,sell,FALSE,93,206.5,2220500,1.68784E+18,2023-06-27T14:03:35
JKTYRE,INE573A01042,27/06/23,BSE,EQ,A,sell,FALSE,325,206.5,2220700,1.68784E+18,2023-06-27T14:03:35
JKTYRE,INE573A01042,27/06/23,BSE,EQ,A,sell,FALSE,182,206.5,2220900,1.68784E+18,2023-06-27T14:03:35
AUROPHARMA,INE406A01037,27/06/23,BSE,EQ,A,sell,FALSE,39,717.35,3058600,1.68785E+18,2023-06-27T15:27:23
AUROPHARMA,INE406A01037,27/06/23,BSE,EQ,A,sell,FALSE,104,717.45,3058100,1.68785E+18,2023-06-27T15:27:23
AUROPHARMA,INE406A01037,27/06/23,BSE,EQ,A,sell,FALSE,7,717.4,3058400,1.68785E+18,2023-06-27T15:27:23
CHOLAFIN,INE121A01024,28/06/23,NSE,EQ,EQ,sell,FALSE,200,1115.5,3207969,1E+15,2023-06-28T13:38:29
GLENMARK,INE935A01035,28/06/23,BSE,EQ,A,sell,FALSE,150,670.5,2647900,1.68794E+18,2023-06-28T14:01:27
INTELLECT,INE306R01017,30/06/23,BSE,EQ,A,sell,FALSE,220,638,1297700,1.6881E+18,2023-06-30T09:59:36
TATAPOWER,INE245A01021,30/06/23,BSE,EQ,A,sell,FALSE,500,221.65,6325100,1.68811E+18,2023-06-30T15:21:26
CARERATING,INE752H01013,04/07/23,NSE,EQ,EQ,buy,FALSE,150,714,4474418,1E+15,2023-07-04T15:13:44
RBLBANK,INE976G01028,05/07/23,NSE,EQ,EQ,sell,FALSE,153,190.4,61571726,1.3E+15,2023-07-05T10:34:31
RBLBANK,INE976G01028,05/07/23,NSE,EQ,EQ,sell,FALSE,1,190.4,61571727,1.3E+15,2023-07-05T10:34:31
RBLBANK,INE976G01028,05/07/23,NSE,EQ,EQ,sell,FALSE,2,190.4,61571728,1.3E+15,2023-07-05T10:34:31
RBLBANK,INE976G01028,05/07/23,NSE,EQ,EQ,sell,FALSE,98,190.4,61571729,1.3E+15,2023-07-05T10:34:31
RBLBANK,INE976G01028,05/07/23,NSE,EQ,EQ,sell,FALSE,100,190.4,61571730,1.3E+15,2023-07-05T10:34:31
RBLBANK,INE976G01028,05/07/23,NSE,EQ,EQ,sell,FALSE,25,190.4,61571731,1.3E+15,2023-07-05T10:34:31
RBLBANK,INE976G01028,05/07/23,NSE,EQ,EQ,sell,FALSE,121,190.4,61571732,1.3E+15,2023-07-05T10:34:31
TECHM,INE669C01036,05/07/23,BSE,EQ,A,sell,FALSE,50,1169,2546000,1.68854E+18,2023-07-05T12:23:16
CARERATING,INE752H01013,06/07/23,NSE,EQ,EQ,sell,FALSE,150,733.1,3042588,1E+15,2023-07-06T13:12:14
INTELLECT,INE306R01017,07/07/23,NSE,EQ,EQ,buy,FALSE,34,583.45,21470912,1.1E+15,2023-07-07T10:27:02
INTELLECT,INE306R01017,07/07/23,NSE,EQ,EQ,buy,FALSE,50,583.45,21470908,1.1E+15,2023-07-07T10:27:02
INTELLECT,INE306R01017,07/07/23,NSE,EQ,EQ,buy,FALSE,50,583.45,21470909,1.1E+15,2023-07-07T10:27:02
INTELLECT,INE306R01017,07/07/23,NSE,EQ,EQ,buy,FALSE,50,583.45,21470910,1.1E+15,2023-07-07T10:27:02
INTELLECT,INE306R01017,07/07/23,NSE,EQ,EQ,buy,FALSE,16,583.45,21470911,1.1E+15,2023-07-07T10:27:02
AUROPHARMA,INE406A01037,07/07/23,NSE,EQ,EQ,buy,FALSE,5,744.65,1212082,1E+15,2023-07-07T10:27:13
AUROPHARMA,INE406A01037,07/07/23,NSE,EQ,EQ,buy,FALSE,5,744.65,1212077,1E+15,2023-07-07T10:27:13
AUROPHARMA,INE406A01037,07/07/23,NSE,EQ,EQ,buy,FALSE,5,744.65,1212078,1E+15,2023-07-07T10:27:13
AUROPHARMA,INE406A01037,07/07/23,NSE,EQ,EQ,buy,FALSE,5,744.65,1212079,1E+15,2023-07-07T10:27:13
AUROPHARMA,INE406A01037,07/07/23,NSE,EQ,EQ,buy,FALSE,5,744.65,1212080,1E+15,2023-07-07T10:27:13
AUROPHARMA,INE406A01037,07/07/23,NSE,EQ,EQ,buy,FALSE,5,744.65,1212081,1E+15,2023-07-07T10:27:13
AUROPHARMA,INE406A01037,07/07/23,NSE,EQ,EQ,buy,FALSE,5,744.65,1212083,1E+15,2023-07-07T10:27:13
AUROPHARMA,INE406A01037,07/07/23,NSE,EQ,EQ,buy,FALSE,1,744.65,1212084,1E+15,2023-07-07T10:27:13
AUROPHARMA,INE406A01037,07/07/23,NSE,EQ,EQ,buy,FALSE,13,744.65,1212085,1E+15,2023-07-07T10:27:13
AUROPHARMA,INE406A01037,07/07/23,NSE,EQ,EQ,buy,FALSE,13,744.7,1212086,1E+15,2023-07-07T10:27:13
AUROPHARMA,INE406A01037,07/07/23,NSE,EQ,EQ,buy,FALSE,18,744.7,1212087,1E+15,2023-07-07T10:27:13
AUROPHARMA,INE406A01037,07/07/23,NSE,EQ,EQ,buy,FALSE,5,744.65,1212075,1E+15,2023-07-07T10:27:13
AUROPHARMA,INE406A01037,07/07/23,NSE,EQ,EQ,buy,FALSE,98,744.65,1212073,1E+15,2023-07-07T10:27:13
AUROPHARMA,INE406A01037,07/07/23,NSE,EQ,EQ,buy,FALSE,12,744.65,1212074,1E+15,2023-07-07T10:27:13
AUROPHARMA,INE406A01037,07/07/23,NSE,EQ,EQ,buy,FALSE,5,744.65,1212076,1E+15,2023-07-07T10:27:13
GLENMARK,INE935A01035,10/07/23,NSE,EQ,EQ,buy,FALSE,200,669.5,23426245,1.1E+15,2023-07-10T12:59:36
ZEEL,INE256A01028,11/07/23,BSE,EQ,A,sell,FALSE,200,199.35,597100,1.68905E+18,2023-07-11T09:23:30
ZEEL,INE256A01028,11/07/23,BSE,EQ,A,sell,FALSE,400,199.3,597400,1.68905E+18,2023-07-11T09:23:30
CIPLA,INE059A01026,11/07/23,NSE,EQ,EQ,buy,FALSE,38,1029.8,2874117,1E+15,2023-07-11T12:44:13
CIPLA,INE059A01026,11/07/23,NSE,EQ,EQ,buy,FALSE,1,1029.8,2874118,1E+15,2023-07-11T12:44:13
CIPLA,INE059A01026,11/07/23,NSE,EQ,EQ,buy,FALSE,61,1029.8,2874119,1E+15,2023-07-11T12:44:13
CANFINHOME,INE477A01020,11/07/23,NSE,EQ,EQ,buy,FALSE,13,783,2882189,1E+15,2023-07-11T12:45:06
CANFINHOME,INE477A01020,11/07/23,NSE,EQ,EQ,buy,FALSE,137,783,2882444,1E+15,2023-07-11T12:45:08
DELTACORP,INE124G01033,12/07/23,NSE,EQ,EQ,buy,FALSE,500,222.05,20665327,1.1E+15,2023-07-12T09:36:02
DELTACORP,INE124G01033,12/07/23,NSE,EQ,EQ,buy,FALSE,200,193.4,23038090,1.1E+15,2023-07-12T12:02:41
CHOLAFIN,INE121A01024,12/07/23,NSE,EQ,EQ,buy,FALSE,10,1127.65,2539653,1E+15,2023-07-12T12:04:10
CHOLAFIN,INE121A01024,12/07/23,NSE,EQ,EQ,buy,FALSE,1,1127.65,2539652,1E+15,2023-07-12T12:04:10
CHOLAFIN,INE121A01024,12/07/23,NSE,EQ,EQ,buy,FALSE,1,1127.65,2539655,1E+15,2023-07-12T12:04:10
CHOLAFIN,INE121A01024,12/07/23,NSE,EQ,EQ,buy,FALSE,2,1127.65,2539654,1E+15,2023-07-12T12:04:10
CHOLAFIN,INE121A01024,12/07/23,NSE,EQ,EQ,buy,FALSE,19,1127.65,2539651,1E+15,2023-07-12T12:04:10
CHOLAFIN,INE121A01024,12/07/23,NSE,EQ,EQ,buy,FALSE,55,1127.65,2539659,1E+15,2023-07-12T12:04:10
CHOLAFIN,INE121A01024,12/07/23,NSE,EQ,EQ,buy,FALSE,1,1127.65,2539658,1E+15,2023-07-12T12:04:10
CHOLAFIN,INE121A01024,12/07/23,NSE,EQ,EQ,buy,FALSE,10,1127.65,2539657,1E+15,2023-07-12T12:04:10
CHOLAFIN,INE121A01024,12/07/23,NSE,EQ,EQ,buy,FALSE,1,1127.65,2539656,1E+15,2023-07-12T12:04:10
INTELLECT,INE306R01017,14/07/23,NSE,EQ,EQ,sell,FALSE,90,622,21803068,1.1E+15,2023-07-14T10:42:47
INTELLECT,INE306R01017,14/07/23,NSE,EQ,EQ,sell,FALSE,100,622,21815474,1.1E+15,2023-07-14T10:43:43
INTELLECT,INE306R01017,14/07/23,NSE,EQ,EQ,sell,FALSE,10,622,21815868,1.1E+15,2023-07-14T10:43:46
GLENMARK,INE935A01035,14/07/23,NSE,EQ,EQ,sell,FALSE,118,702.45,22876913,1.1E+15,2023-07-14T12:10:45
GLENMARK,INE935A01035,14/07/23,NSE,EQ,EQ,sell,FALSE,48,702.2,22876914,1.1E+15,2023-07-14T12:10:45
GLENMARK,INE935A01035,14/07/23,NSE,EQ,EQ,sell,FALSE,10,702.15,22876915,1.1E+15,2023-07-14T12:10:45
GLENMARK,INE935A01035,14/07/23,NSE,EQ,EQ,sell,FALSE,24,702.1,22876916,1.1E+15,2023-07-14T12:10:45
GLENMARK,INE935A01035,19/07/23,NSE,EQ,EQ,buy,FALSE,53,717.9,20826516,1.1E+15,2023-07-19T09:38:55
GLENMARK,INE935A01035,19/07/23,NSE,EQ,EQ,buy,FALSE,2,717.7,20826511,1.1E+15,2023-07-19T09:38:55
GLENMARK,INE935A01035,19/07/23,NSE,EQ,EQ,buy,FALSE,1,717.7,20826512,1.1E+15,2023-07-19T09:38:55
GLENMARK,INE935A01035,19/07/23,NSE,EQ,EQ,buy,FALSE,12,717.85,20826513,1.1E+15,2023-07-19T09:38:55
GLENMARK,INE935A01035,19/07/23,NSE,EQ,EQ,buy,FALSE,31,717.85,20826514,1.1E+15,2023-07-19T09:38:55
GLENMARK,INE935A01035,19/07/23,NSE,EQ,EQ,buy,FALSE,1,717.9,20826515,1.1E+15,2023-07-19T09:38:55
GLENMARK,INE935A01035,19/07/23,NSE,EQ,EQ,buy,FALSE,14,715.25,22158312,1.1E+15,2023-07-19T11:02:01
GLENMARK,INE935A01035,19/07/23,NSE,EQ,EQ,buy,FALSE,1,715.2,22158310,1.1E+15,2023-07-19T11:02:01
GLENMARK,INE935A01035,19/07/23,NSE,EQ,EQ,buy,FALSE,1,715.25,22158311,1.1E+15,2023-07-19T11:02:01
GLENMARK,INE935A01035,19/07/23,NSE,EQ,EQ,buy,FALSE,84,715.3,22158313,1.1E+15,2023-07-19T11:02:01
INTELLECT,INE306R01017,19/07/23,NSE,EQ,EQ,buy,FALSE,2,639,22233633,1.1E+15,2023-07-19T11:08:29
INTELLECT,INE306R01017,19/07/23,NSE,EQ,EQ,buy,FALSE,98,639,22233632,1.1E+15,2023-07-19T11:08:29
AUROPHARMA,INE406A01037,19/07/23,NSE,EQ,EQ,buy,FALSE,100,751.1,2409121,1E+15,2023-07-19T12:57:14
INTELLECT,INE306R01017,19/07/23,NSE,EQ,EQ,buy,FALSE,8,638.55,25008179,1.1E+15,2023-07-19T14:53:51
INTELLECT,INE306R01017,19/07/23,NSE,EQ,EQ,buy,FALSE,9,638.6,25008180,1.1E+15,2023-07-19T14:53:51
INTELLECT,INE306R01017,19/07/23,NSE,EQ,EQ,buy,FALSE,40,638.6,25008181,1.1E+15,2023-07-19T14:53:51
INTELLECT,INE306R01017,19/07/23,NSE,EQ,EQ,buy,FALSE,9,638.65,25008182,1.1E+15,2023-07-19T14:53:51
INTELLECT,INE306R01017,19/07/23,NSE,EQ,EQ,buy,FALSE,1,638.65,25008183,1.1E+15,2023-07-19T14:53:51
INTELLECT,INE306R01017,19/07/23,NSE,EQ,EQ,buy,FALSE,5,638.7,25008184,1.1E+15,2023-07-19T14:53:51
INTELLECT,INE306R01017,19/07/23,NSE,EQ,EQ,buy,FALSE,7,638.7,25008185,1.1E+15,2023-07-19T14:53:51
INTELLECT,INE306R01017,19/07/23,NSE,EQ,EQ,buy,FALSE,7,638.7,25008186,1.1E+15,2023-07-19T14:53:51
INTELLECT,INE306R01017,19/07/23,NSE,EQ,EQ,buy,FALSE,5,638.5,25008177,1.1E+15,2023-07-19T14:53:51
INTELLECT,INE306R01017,19/07/23,NSE,EQ,EQ,buy,FALSE,9,638.5,25008178,1.1E+15,2023-07-19T14:53:51
CANFINHOME,INE477A01020,24/07/23,BSE,EQ,A,sell,FALSE,32,891.8,89930300,1.69018E+18,2023-07-24T12:00:59
CANFINHOME,INE477A01020,24/07/23,BSE,EQ,A,sell,FALSE,12,892,89929600,1.69018E+18,2023-07-24T12:00:59
CANFINHOME,INE477A01020,24/07/23,BSE,EQ,A,sell,FALSE,39,891.7,89930600,1.69018E+18,2023-07-24T12:00:59
CANFINHOME,INE477A01020,24/07/23,BSE,EQ,A,sell,FALSE,12,892.05,89929400,1.69018E+18,2023-07-24T12:00:59
CANFINHOME,INE477A01020,24/07/23,BSE,EQ,A,sell,FALSE,54,891.85,89930000,1.69018E+18,2023-07-24T12:00:59
CANFINHOME,INE477A01020,24/07/23,BSE,EQ,A,sell,FALSE,1,891.9,89929800,1.69018E+18,2023-07-24T12:00:59
CANFINHOME,INE477A01020,25/07/23,NSE,EQ,EQ,buy,FALSE,150,838.3,2945913,1E+15,2023-07-25T12:46:40
GLENMARK,INE935A01035,26/07/23,NSE,EQ,EQ,sell,FALSE,1,785,21461724,1.1E+15,2023-07-26T10:27:42
GLENMARK,INE935A01035,26/07/23,NSE,EQ,EQ,sell,FALSE,12,785,21461725,1.1E+15,2023-07-26T10:27:42
GLENMARK,INE935A01035,26/07/23,NSE,EQ,EQ,sell,FALSE,8,785.05,21461723,1.1E+15,2023-07-26T10:27:42
GLENMARK,INE935A01035,26/07/23,NSE,EQ,EQ,sell,FALSE,50,785.05,21461722,1.1E+15,2023-07-26T10:27:42
GLENMARK,INE935A01035,26/07/23,NSE,EQ,EQ,sell,FALSE,50,785.05,21461721,1.1E+15,2023-07-26T10:27:42
GLENMARK,INE935A01035,26/07/23,NSE,EQ,EQ,sell,FALSE,2,785.05,21461720,1.1E+15,2023-07-26T10:27:42
GLENMARK,INE935A01035,26/07/23,NSE,EQ,EQ,sell,FALSE,72,785,21461727,1.1E+15,2023-07-26T10:27:42
GLENMARK,INE935A01035,26/07/23,NSE,EQ,EQ,sell,FALSE,5,785,21461726,1.1E+15,2023-07-26T10:27:42
AUROPHARMA,INE406A01037,26/07/23,NSE,EQ,EQ,sell,FALSE,1,787.95,2215851,1E+15,2023-07-26T11:21:53
AUROPHARMA,INE406A01037,26/07/23,NSE,EQ,EQ,sell,FALSE,251,787.95,2215854,1E+15,2023-07-26T11:21:53
AUROPHARMA,INE406A01037,26/07/23,NSE,EQ,EQ,sell,FALSE,18,787.95,2215853,1E+15,2023-07-26T11:21:53
AUROPHARMA,INE406A01037,26/07/23,NSE,EQ,EQ,sell,FALSE,30,787.95,2215852,1E+15,2023-07-26T11:21:53
COROMANDEL,INE169A01031,26/07/23,BSE,EQ,A,sell,FALSE,2,997.75,3161500,1.69034E+18,2023-07-26T13:00:56
COROMANDEL,INE169A01031,26/07/23,BSE,EQ,A,sell,FALSE,2,997.8,3161300,1.69034E+18,2023-07-26T13:00:56
COROMANDEL,INE169A01031,26/07/23,BSE,EQ,A,sell,FALSE,146,997.4,3161800,1.69034E+18,2023-07-26T13:00:56
CENTRALBK,INE483A01010,26/07/23,NSE,EQ,EQ,sell,FALSE,1000,30.5,3330885,1E+15,2023-07-26T13:03:11
MOTHERSON,INE775A01035,26/07/23,BSE,EQ,A,sell,FALSE,500,99.38,4090000,1.69035E+18,2023-07-26T13:06:12
INTELLECT,INE306R01017,28/07/23,NSE,EQ,EQ,sell,FALSE,200,692.6,25700198,1.1E+15,2023-07-28T15:07:46
CIPLA,INE059A01026,28/07/23,BSE,EQ,A,sell,FALSE,18,1178.75,6645900,1.69053E+18,2023-07-28T15:08:20
CIPLA,INE059A01026,28/07/23,BSE,EQ,A,sell,FALSE,16,1178.7,6646100,1.69053E+18,2023-07-28T15:08:20
CIPLA,INE059A01026,28/07/23,BSE,EQ,A,sell,FALSE,66,1178.65,6646200,1.69053E+18,2023-07-28T15:08:20
ESCORTS,INE042A01014,02/08/23,NSE,EQ,EQ,buy,FALSE,47,2610.8,24262773,1.1E+15,2023-08-02T12:29:45
ESCORTS,INE042A01014,02/08/23,NSE,EQ,EQ,buy,FALSE,3,2610.8,24262986,1.1E+15,2023-08-02T12:29:46
AUROPHARMA,INE406A01037,08/08/23,NSE,EQ,EQ,buy,FALSE,82,861.75,3587565,1E+15,2023-08-08T13:17:04
AUROPHARMA,INE406A01037,08/08/23,NSE,EQ,EQ,buy,FALSE,1,861.75,3587567,1E+15,2023-08-08T13:17:04
AUROPHARMA,INE406A01037,08/08/23,NSE,EQ,EQ,buy,FALSE,17,861.7,3587514,1E+15,2023-08-08T13:17:04
SBICARD,INE018E01016,08/08/23,NSE,EQ,EQ,buy,FALSE,100,881.4,65702781,1.3E+15,2023-08-08T14:08:09
ZEEL,INE256A01028,09/08/23,NSE,EQ,EQ,buy,FALSE,50,232.45,61606730,1.3E+15,2023-08-09T10:11:12
ZEEL,INE256A01028,09/08/23,NSE,EQ,EQ,buy,FALSE,100,232.45,61606731,1.3E+15,2023-08-09T10:11:12
ZEEL,INE256A01028,09/08/23,NSE,EQ,EQ,buy,FALSE,16,232.5,61606732,1.3E+15,2023-08-09T10:11:12
ZEEL,INE256A01028,09/08/23,NSE,EQ,EQ,buy,FALSE,4,232.5,61606733,1.3E+15,2023-08-09T10:11:12
ZEEL,INE256A01028,09/08/23,NSE,EQ,EQ,buy,FALSE,130,232.5,61606734,1.3E+15,2023-08-09T10:11:12
ZEEL,INE256A01028,09/08/23,NSE,EQ,EQ,buy,FALSE,200,233,61615032,1.3E+15,2023-08-09T10:11:42
VGUARD,INE951I01027,09/08/23,NSE,EQ,EQ,buy,FALSE,142,309.3,66824554,1.3E+15,2023-08-09T15:20:45
VGUARD,INE951I01027,09/08/23,NSE,EQ,EQ,buy,FALSE,58,309.3,66824555,1.3E+15,2023-08-09T15:20:45
TATASTEEL,INE081A01020,11/08/23,NSE,EQ,EQ,buy,FALSE,500,120.05,61335454,1.3E+15,2023-08-11T09:48:55
TATASTEEL,INE081A01020,11/08/23,NSE,EQ,EQ,sell,FALSE,14,120.4,64994465,1.3E+15,2023-08-11T13:36:26
TATASTEEL,INE081A01020,11/08/23,NSE,EQ,EQ,sell,FALSE,1,120.4,64994882,1.3E+15,2023-08-11T13:36:28
TATASTEEL,INE081A01020,11/08/23,NSE,EQ,EQ,sell,FALSE,170,120.4,64995246,1.3E+15,2023-08-11T13:36:30
TATASTEEL,INE081A01020,11/08/23,NSE,EQ,EQ,sell,FALSE,2,120.4,64995350,1.3E+15,2023-08-11T13:36:30
TATASTEEL,INE081A01020,11/08/23,NSE,EQ,EQ,sell,FALSE,2,120.4,64995313,1.3E+15,2023-08-11T13:36:30
TATASTEEL,INE081A01020,11/08/23,NSE,EQ,EQ,sell,FALSE,3,120.4,64995213,1.3E+15,2023-08-11T13:36:30
TATASTEEL,INE081A01020,11/08/23,NSE,EQ,EQ,sell,FALSE,9,120.4,64995303,1.3E+15,2023-08-11T13:36:30
TATASTEEL,INE081A01020,11/08/23,NSE,EQ,EQ,sell,FALSE,3,120.4,64995599,1.3E+15,2023-08-11T13:36:31
TATASTEEL,INE081A01020,11/08/23,NSE,EQ,EQ,sell,FALSE,31,120.4,64995488,1.3E+15,2023-08-11T13:36:31
TATASTEEL,INE081A01020,11/08/23,NSE,EQ,EQ,sell,FALSE,1,120.4,64995986,1.3E+15,2023-08-11T13:36:34
TATASTEEL,INE081A01020,11/08/23,NSE,EQ,EQ,sell,FALSE,12,120.4,64996287,1.3E+15,2023-08-11T13:36:35
TATASTEEL,INE081A01020,11/08/23,NSE,EQ,EQ,sell,FALSE,3,120.4,64996120,1.3E+15,2023-08-11T13:36:35
TATASTEEL,INE081A01020,11/08/23,NSE,EQ,EQ,sell,FALSE,29,120.4,64996121,1.3E+15,2023-08-11T13:36:35
TATASTEEL,INE081A01020,11/08/23,NSE,EQ,EQ,sell,FALSE,5,120.4,64996279,1.3E+15,2023-08-11T13:36:35
TATASTEEL,INE081A01020,11/08/23,NSE,EQ,EQ,sell,FALSE,1,120.4,64996104,1.3E+15,2023-08-11T13:36:35
TATASTEEL,INE081A01020,11/08/23,NSE,EQ,EQ,sell,FALSE,9,120.4,64996107,1.3E+15,2023-08-11T13:36:35
TATASTEEL,INE081A01020,11/08/23,NSE,EQ,EQ,sell,FALSE,11,120.4,64996440,1.3E+15,2023-08-11T13:36:36
TATASTEEL,INE081A01020,11/08/23,NSE,EQ,EQ,sell,FALSE,1,120.4,64996368,1.3E+15,2023-08-11T13:36:36
TATASTEEL,INE081A01020,11/08/23,NSE,EQ,EQ,sell,FALSE,2,120.4,64996465,1.3E+15,2023-08-11T13:36:37
TATASTEEL,INE081A01020,11/08/23,NSE,EQ,EQ,sell,FALSE,26,120.4,64996767,1.3E+15,2023-08-11T13:36:39
TATASTEEL,INE081A01020,11/08/23,NSE,EQ,EQ,sell,FALSE,37,120.4,64996721,1.3E+15,2023-08-11T13:36:39
TATASTEEL,INE081A01020,11/08/23,NSE,EQ,EQ,sell,FALSE,1,120.4,64997543,1.3E+15,2023-08-11T13:36:42
TATASTEEL,INE081A01020,11/08/23,NSE,EQ,EQ,sell,FALSE,127,120.4,64997814,1.3E+15,2023-08-11T13:36:43
CARERATING,INE752H01013,11/08/23,NSE,EQ,EQ,buy,FALSE,150,769.45,4952594,1E+15,2023-08-11T14:55:43
CROMPTON,INE299U01018,11/08/23,NSE,EQ,EQ,buy,FALSE,200,298,5007838,1E+15,2023-08-11T14:59:40
ESCORTS,INE042A01014,17/08/23,BSE,EQ,A,sell,FALSE,19,2753.35,1245600,1.69224E+18,2023-08-17T10:45:15
ESCORTS,INE042A01014,17/08/23,BSE,EQ,A,sell,FALSE,8,2753.9,1245000,1.69224E+18,2023-08-17T10:45:15
ESCORTS,INE042A01014,17/08/23,BSE,EQ,A,sell,FALSE,14,2753.3,1245800,1.69224E+18,2023-08-17T10:45:15
ESCORTS,INE042A01014,17/08/23,BSE,EQ,A,sell,FALSE,9,2753.45,1245300,1.69224E+18,2023-08-17T10:45:15
CARERATING,INE752H01013,21/08/23,NSE,EQ,EQ,sell,FALSE,50,808.5,1964081,1E+15,2023-08-21T10:41:20
CARERATING,INE752H01013,21/08/23,NSE,EQ,EQ,sell,FALSE,50,809,1979210,1E+15,2023-08-21T10:42:40
CARERATING,INE752H01013,22/08/23,NSE,EQ,EQ,buy,FALSE,2,793.2,2795796,1E+15,2023-08-22T12:30:35
CARERATING,INE752H01013,22/08/23,NSE,EQ,EQ,buy,FALSE,4,793.3,2795797,1E+15,2023-08-22T12:30:35
CARERATING,INE752H01013,22/08/23,NSE,EQ,EQ,buy,FALSE,1,793.3,2795798,1E+15,2023-08-22T12:30:35
CARERATING,INE752H01013,22/08/23,NSE,EQ,EQ,buy,FALSE,4,793.3,2795799,1E+15,2023-08-22T12:30:35
CARERATING,INE752H01013,22/08/23,NSE,EQ,EQ,buy,FALSE,2,793.35,2795800,1E+15,2023-08-22T12:30:35
CARERATING,INE752H01013,22/08/23,NSE,EQ,EQ,buy,FALSE,4,793.35,2795801,1E+15,2023-08-22T12:30:35
CARERATING,INE752H01013,22/08/23,NSE,EQ,EQ,buy,FALSE,1,793.35,2795802,1E+15,2023-08-22T12:30:35
CARERATING,INE752H01013,22/08/23,NSE,EQ,EQ,buy,FALSE,2,793.35,2795803,1E+15,2023-08-22T12:30:35
CARERATING,INE752H01013,22/08/23,NSE,EQ,EQ,buy,FALSE,1,793.35,2795804,1E+15,2023-08-22T12:30:35
CARERATING,INE752H01013,22/08/23,NSE,EQ,EQ,buy,FALSE,10,793.35,2795805,1E+15,2023-08-22T12:30:35
CARERATING,INE752H01013,22/08/23,NSE,EQ,EQ,buy,FALSE,8,793.4,2795806,1E+15,2023-08-22T12:30:35
CARERATING,INE752H01013,22/08/23,NSE,EQ,EQ,buy,FALSE,9,792.9,2795791,1E+15,2023-08-22T12:30:35
CARERATING,INE752H01013,22/08/23,NSE,EQ,EQ,buy,FALSE,11,792.95,2795792,1E+15,2023-08-22T12:30:35
CARERATING,INE752H01013,22/08/23,NSE,EQ,EQ,buy,FALSE,14,793.05,2795793,1E+15,2023-08-22T12:30:35
CARERATING,INE752H01013,22/08/23,NSE,EQ,EQ,buy,FALSE,24,793.1,2795794,1E+15,2023-08-22T12:30:35
CARERATING,INE752H01013,22/08/23,NSE,EQ,EQ,buy,FALSE,3,793.15,2795795,1E+15,2023-08-22T12:30:35
MARICO,INE196A01026,22/08/23,NSE,EQ,EQ,buy,FALSE,200,559,45066986,1.2E+15,2023-08-22T15:11:18
INTELLECT,INE306R01017,22/08/23,NSE,EQ,EQ,buy,FALSE,2,686.8,25859633,1.1E+15,2023-08-22T15:16:30
INTELLECT,INE306R01017,22/08/23,NSE,EQ,EQ,buy,FALSE,6,687,25859649,1.1E+15,2023-08-22T15:16:30
INTELLECT,INE306R01017,22/08/23,NSE,EQ,EQ,buy,FALSE,30,687,25859648,1.1E+15,2023-08-22T15:16:30
INTELLECT,INE306R01017,22/08/23,NSE,EQ,EQ,buy,FALSE,2,687,25859647,1.1E+15,2023-08-22T15:16:30
INTELLECT,INE306R01017,22/08/23,NSE,EQ,EQ,buy,FALSE,1,686.95,25859646,1.1E+15,2023-08-22T15:16:30
INTELLECT,INE306R01017,22/08/23,NSE,EQ,EQ,buy,FALSE,1,686.8,25859645,1.1E+15,2023-08-22T15:16:30
INTELLECT,INE306R01017,22/08/23,NSE,EQ,EQ,buy,FALSE,17,686.8,25859644,1.1E+15,2023-08-22T15:16:30
INTELLECT,INE306R01017,22/08/23,NSE,EQ,EQ,buy,FALSE,2,686.8,25859643,1.1E+15,2023-08-22T15:16:30
INTELLECT,INE306R01017,22/08/23,NSE,EQ,EQ,buy,FALSE,18,686.8,25859642,1.1E+15,2023-08-22T15:16:30
INTELLECT,INE306R01017,22/08/23,NSE,EQ,EQ,buy,FALSE,2,686.8,25859641,1.1E+15,2023-08-22T15:16:30
INTELLECT,INE306R01017,22/08/23,NSE,EQ,EQ,buy,FALSE,18,686.8,25859640,1.1E+15,2023-08-22T15:16:30
INTELLECT,INE306R01017,22/08/23,NSE,EQ,EQ,buy,FALSE,2,686.8,25859639,1.1E+15,2023-08-22T15:16:30
INTELLECT,INE306R01017,22/08/23,NSE,EQ,EQ,buy,FALSE,18,686.8,25859638,1.1E+15,2023-08-22T15:16:30
INTELLECT,INE306R01017,22/08/23,NSE,EQ,EQ,buy,FALSE,2,686.8,25859637,1.1E+15,2023-08-22T15:16:30
INTELLECT,INE306R01017,22/08/23,NSE,EQ,EQ,buy,FALSE,18,686.8,25859636,1.1E+15,2023-08-22T15:16:30
INTELLECT,INE306R01017,22/08/23,NSE,EQ,EQ,buy,FALSE,2,686.8,25859635,1.1E+15,2023-08-22T15:16:30
INTELLECT,INE306R01017,22/08/23,NSE,EQ,EQ,buy,FALSE,18,686.8,25859634,1.1E+15,2023-08-22T15:16:30
INTELLECT,INE306R01017,22/08/23,NSE,EQ,EQ,buy,FALSE,18,686.8,25859632,1.1E+15,2023-08-22T15:16:30
INTELLECT,INE306R01017,22/08/23,NSE,EQ,EQ,buy,FALSE,2,686.8,25859631,1.1E+15,2023-08-22T15:16:30
INTELLECT,INE306R01017,22/08/23,NSE,EQ,EQ,buy,FALSE,18,686.8,25859630,1.1E+15,2023-08-22T15:16:30
INTELLECT,INE306R01017,22/08/23,NSE,EQ,EQ,buy,FALSE,1,686.8,25859629,1.1E+15,2023-08-22T15:16:30
INTELLECT,INE306R01017,22/08/23,NSE,EQ,EQ,buy,FALSE,2,686.75,25859628,1.1E+15,2023-08-22T15:16:30
JUBLFOOD,INE797F01020,22/08/23,NSE,EQ,EQ,buy,FALSE,1,490.8,45518273,1.2E+15,2023-08-22T15:28:50
JUBLFOOD,INE797F01020,22/08/23,NSE,EQ,EQ,buy,FALSE,6,490.8,45519928,1.2E+15,2023-08-22T15:28:56
JUBLFOOD,INE797F01020,22/08/23,NSE,EQ,EQ,buy,FALSE,39,490.8,45521312,1.2E+15,2023-08-22T15:29:00
JUBLFOOD,INE797F01020,22/08/23,NSE,EQ,EQ,buy,FALSE,25,490.8,45527523,1.2E+15,2023-08-22T15:29:17
JUBLFOOD,INE797F01020,22/08/23,NSE,EQ,EQ,buy,FALSE,8,490.8,45527522,1.2E+15,2023-08-22T15:29:17
JUBLFOOD,INE797F01020,25/08/23,NSE,EQ,EQ,buy,FALSE,21,486.1,45202258,1.2E+15,2023-08-25T14:37:08
REDINGTON,INE891D01026,25/08/23,NSE,EQ,EQ,buy,FALSE,500,156,65934303,1.3E+15,2023-08-25T15:15:55
MUTHOOTFIN,INE414G01012,25/08/23,NSE,EQ,EQ,buy,FALSE,33,1259.9,45953054,1.2E+15,2023-08-25T15:16:57
MUTHOOTFIN,INE414G01012,25/08/23,NSE,EQ,EQ,buy,FALSE,1,1259.9,45953055,1.2E+15,2023-08-25T15:16:57
MUTHOOTFIN,INE414G01012,25/08/23,NSE,EQ,EQ,buy,FALSE,1,1259.9,45953056,1.2E+15,2023-08-25T15:16:57
MUTHOOTFIN,INE414G01012,25/08/23,NSE,EQ,EQ,buy,FALSE,37,1259.9,45953057,1.2E+15,2023-08-25T15:16:57
MUTHOOTFIN,INE414G01012,25/08/23,NSE,EQ,EQ,buy,FALSE,28,1259.9,45953058,1.2E+15,2023-08-25T15:16:57
RBLBANK,INE976G01028,25/08/23,NSE,EQ,EQ,buy,FALSE,500,230.45,65999511,1.3E+15,2023-08-25T15:18:08
SWANENERGY,INE665A01038,25/08/23,NSE,EQ,EQ,buy,FALSE,4,301.85,66214858,1.3E+15,2023-08-25T15:24:11
SWANENERGY,INE665A01038,25/08/23,NSE,EQ,EQ,buy,FALSE,11,301.65,66214853,1.3E+15,2023-08-25T15:24:11
SWANENERGY,INE665A01038,25/08/23,NSE,EQ,EQ,buy,FALSE,36,301.7,66214854,1.3E+15,2023-08-25T15:24:11
SWANENERGY,INE665A01038,25/08/23,NSE,EQ,EQ,buy,FALSE,64,301.8,66214855,1.3E+15,2023-08-25T15:24:11
SWANENERGY,INE665A01038,25/08/23,NSE,EQ,EQ,buy,FALSE,36,301.8,66214856,1.3E+15,2023-08-25T15:24:11
SWANENERGY,INE665A01038,25/08/23,NSE,EQ,EQ,buy,FALSE,50,301.85,66214857,1.3E+15,2023-08-25T15:24:11
SWANENERGY,INE665A01038,25/08/23,NSE,EQ,EQ,buy,FALSE,99,301.85,66214859,1.3E+15,2023-08-25T15:24:11
ZEEL,INE256A01028,28/08/23,NSE,EQ,EQ,sell,FALSE,69,266.7,62870599,1.3E+15,2023-08-28T11:45:40
ZEEL,INE256A01028,28/08/23,NSE,EQ,EQ,sell,FALSE,146,266.8,62870597,1.3E+15,2023-08-28T11:45:40
ZEEL,INE256A01028,28/08/23,NSE,EQ,EQ,sell,FALSE,60,266.75,62870598,1.3E+15,2023-08-28T11:45:40
ZEEL,INE256A01028,28/08/23,NSE,EQ,EQ,sell,FALSE,9,266.7,62870600,1.3E+15,2023-08-28T11:45:40
ZEEL,INE256A01028,28/08/23,NSE,EQ,EQ,sell,FALSE,14,266.7,62870601,1.3E+15,2023-08-28T11:45:40
ZEEL,INE256A01028,28/08/23,NSE,EQ,EQ,sell,FALSE,5,266.7,62870602,1.3E+15,2023-08-28T11:45:40
ZEEL,INE256A01028,28/08/23,NSE,EQ,EQ,sell,FALSE,197,266.7,62870603,1.3E+15,2023-08-28T11:45:40
CARERATING,INE752H01013,28/08/23,BSE,EQ,A,sell,FALSE,12,820.55,63836700,1.6932E+18,2023-08-28T11:45:45
CARERATING,INE752H01013,28/08/23,BSE,EQ,A,sell,FALSE,12,820.45,63836900,1.6932E+18,2023-08-28T11:45:45
CARERATING,INE752H01013,28/08/23,BSE,EQ,A,sell,FALSE,106,820.3,63837200,1.6932E+18,2023-08-28T11:45:45
CARERATING,INE752H01013,28/08/23,BSE,EQ,A,sell,FALSE,4,820.95,63835600,1.6932E+18,2023-08-28T11:45:45
CARERATING,INE752H01013,28/08/23,BSE,EQ,A,sell,FALSE,7,820.9,63835800,1.6932E+18,2023-08-28T11:45:45
CARERATING,INE752H01013,28/08/23,BSE,EQ,A,sell,FALSE,1,820.75,63836000,1.6932E+18,2023-08-28T11:45:45
CARERATING,INE752H01013,28/08/23,BSE,EQ,A,sell,FALSE,2,820.65,63836200,1.6932E+18,2023-08-28T11:45:45
CARERATING,INE752H01013,28/08/23,BSE,EQ,A,sell,FALSE,6,820.6,63836400,1.6932E+18,2023-08-28T11:45:45
WIPRO,INE075A01022,28/08/23,BSE,EQ,A,sell,FALSE,25,409,1839500,1.6932E+18,2023-08-28T11:45:51
COALINDIA,INE522F01014,04/09/23,NSE,EQ,EQ,sell,FALSE,375,245.75,1411629,1E+15,2023-09-04T10:10:16
COALINDIA,INE522F01014,04/09/23,NSE,EQ,EQ,sell,FALSE,25,245.7,1411630,1E+15,2023-09-04T10:10:16
VGUARD,INE951I01027,05/09/23,NSE,EQ,EQ,sell,FALSE,36,315,67203832,1.3E+15,2023-09-05T15:18:08
VGUARD,INE951I01027,05/09/23,NSE,EQ,EQ,sell,FALSE,10,315,67206863,1.3E+15,2023-09-05T15:18:14
VGUARD,INE951I01027,05/09/23,NSE,EQ,EQ,sell,FALSE,17,315,67233704,1.3E+15,2023-09-05T15:18:49
VGUARD,INE951I01027,05/09/23,NSE,EQ,EQ,sell,FALSE,3,315,67236681,1.3E+15,2023-09-05T15:18:55
VGUARD,INE951I01027,05/09/23,NSE,EQ,EQ,sell,FALSE,5,315,67237102,1.3E+15,2023-09-05T15:18:56
VGUARD,INE951I01027,05/09/23,NSE,EQ,EQ,sell,FALSE,6,315,67239744,1.3E+15,2023-09-05T15:19:02
VGUARD,INE951I01027,05/09/23,NSE,EQ,EQ,sell,FALSE,88,315,67242823,1.3E+15,2023-09-05T15:19:08
VGUARD,INE951I01027,05/09/23,NSE,EQ,EQ,sell,FALSE,10,315,67243632,1.3E+15,2023-09-05T15:19:10
VGUARD,INE951I01027,05/09/23,NSE,EQ,EQ,sell,FALSE,25,315,67248638,1.3E+15,2023-09-05T15:19:19
CHOLAFIN,INE121A01024,08/09/23,BSE,EQ,A,sell,FALSE,68,1169.5,7765700,1.69416E+18,2023-09-08T14:57:02
CHOLAFIN,INE121A01024,08/09/23,BSE,EQ,A,sell,FALSE,5,1169.55,7765100,1.69416E+18,2023-09-08T14:57:02
CHOLAFIN,INE121A01024,08/09/23,BSE,EQ,A,sell,FALSE,27,1169.45,7766400,1.69416E+18,2023-09-08T14:57:02
GNFC,INE113A01013,11/09/23,NSE,EQ,EQ,sell,FALSE,300,646.7,26969007,1.1E+15,2023-09-11T15:12:01
DALMIASUG,INE495A01022,14/09/23,NSE,EQ,EQ,sell,FALSE,10,474.65,21497971,1.1E+15,2023-09-14T10:02:24
FINPIPE,INE183A01024,14/09/23,NSE,EQ,EQ,buy,FALSE,3,230.6,23115374,1.1E+15,2023-09-14T11:34:53
FINPIPE,INE183A01024,14/09/23,NSE,EQ,EQ,buy,FALSE,5,230.6,23115362,1.1E+15,2023-09-14T11:34:53
FINPIPE,INE183A01024,14/09/23,NSE,EQ,EQ,buy,FALSE,16,230.6,23115363,1.1E+15,2023-09-14T11:34:53
FINPIPE,INE183A01024,14/09/23,NSE,EQ,EQ,buy,FALSE,3,230.6,23115364,1.1E+15,2023-09-14T11:34:53
FINPIPE,INE183A01024,14/09/23,NSE,EQ,EQ,buy,FALSE,2,230.6,23115365,1.1E+15,2023-09-14T11:34:53
FINPIPE,INE183A01024,14/09/23,NSE,EQ,EQ,buy,FALSE,3,230.6,23115366,1.1E+15,2023-09-14T11:34:53
FINPIPE,INE183A01024,14/09/23,NSE,EQ,EQ,buy,FALSE,41,230.6,23115367,1.1E+15,2023-09-14T11:34:53
FINPIPE,INE183A01024,14/09/23,NSE,EQ,EQ,buy,FALSE,3,230.6,23115368,1.1E+15,2023-09-14T11:34:53
FINPIPE,INE183A01024,14/09/23,NSE,EQ,EQ,buy,FALSE,2,230.6,23115369,1.1E+15,2023-09-14T11:34:53
FINPIPE,INE183A01024,14/09/23,NSE,EQ,EQ,buy,FALSE,3,230.6,23115370,1.1E+15,2023-09-14T11:34:53
FINPIPE,INE183A01024,14/09/23,NSE,EQ,EQ,buy,FALSE,3,230.6,23115371,1.1E+15,2023-09-14T11:34:53
FINPIPE,INE183A01024,14/09/23,NSE,EQ,EQ,buy,FALSE,2,230.6,23115372,1.1E+15,2023-09-14T11:34:53
FINPIPE,INE183A01024,14/09/23,NSE,EQ,EQ,buy,FALSE,3,230.6,23115373,1.1E+15,2023-09-14T11:34:53
FINPIPE,INE183A01024,14/09/23,NSE,EQ,EQ,buy,FALSE,2,230.6,23115375,1.1E+15,2023-09-14T11:34:53
FINPIPE,INE183A01024,14/09/23,NSE,EQ,EQ,buy,FALSE,3,230.6,23115376,1.1E+15,2023-09-14T11:34:53
FINPIPE,INE183A01024,14/09/23,NSE,EQ,EQ,buy,FALSE,3,230.6,23115377,1.1E+15,2023-09-14T11:34:53
FINPIPE,INE183A01024,14/09/23,NSE,EQ,EQ,buy,FALSE,2,230.6,23115378,1.1E+15,2023-09-14T11:34:53
FINPIPE,INE183A01024,14/09/23,NSE,EQ,EQ,buy,FALSE,3,230.6,23115379,1.1E+15,2023-09-14T11:34:53
FINPIPE,INE183A01024,14/09/23,NSE,EQ,EQ,buy,FALSE,3,230.6,23115380,1.1E+15,2023-09-14T11:34:53
FINPIPE,INE183A01024,14/09/23,NSE,EQ,EQ,buy,FALSE,2,230.6,23115381,1.1E+15,2023-09-14T11:34:53
FINPIPE,INE183A01024,14/09/23,NSE,EQ,EQ,buy,FALSE,1,230.6,23115382,1.1E+15,2023-09-14T11:34:53
FINPIPE,INE183A01024,14/09/23,NSE,EQ,EQ,buy,FALSE,5,230.6,23115383,1.1E+15,2023-09-14T11:34:53
FINPIPE,INE183A01024,14/09/23,NSE,EQ,EQ,buy,FALSE,70,230.6,23115386,1.1E+15,2023-09-14T11:34:53
FINPIPE,INE183A01024,14/09/23,NSE,EQ,EQ,buy,FALSE,17,230.6,23115387,1.1E+15,2023-09-14T11:34:53
DELTACORP,INE124G01033,25/09/23,NSE,EQ,EQ,sell,FALSE,700,143.3,24971180,1.1E+15,2023-09-25T14:20:21
INTELLECT,INE306R01017,26/09/23,NSE,EQ,EQ,sell,FALSE,20,732.55,21597200,1.1E+15,2023-09-26T10:20:06
INTELLECT,INE306R01017,26/09/23,NSE,EQ,EQ,sell,FALSE,92,732.5,21597203,1.1E+15,2023-09-26T10:20:06
INTELLECT,INE306R01017,26/09/23,NSE,EQ,EQ,sell,FALSE,87,732.55,21597202,1.1E+15,2023-09-26T10:20:06
INTELLECT,INE306R01017,26/09/23,NSE,EQ,EQ,sell,FALSE,1,732.55,21597201,1.1E+15,2023-09-26T10:20:06
GNFC,INE113A01013,26/09/23,NSE,EQ,EQ,buy,FALSE,150,609.75,22681748,1.1E+15,2023-09-26T11:42:35
METROPOLIS,INE112L01020,26/09/23,NSE,EQ,EQ,buy,FALSE,30,1426.3,44023807,1.2E+15,2023-09-26T14:03:45
GLENMARK,INE935A01035,27/09/23,NSE,EQ,EQ,buy,FALSE,150,768,22059306,1.1E+15,2023-09-27T10:47:24
IRFC,INE053F01010,27/09/23,NSE,EQ,EQ,buy,FALSE,1000,75.65,22380243,1.1E+15,2023-09-27T11:09:23
PTC,INE877F01012,27/09/23,NSE,EQ,EQ,buy,FALSE,500,132,42384473,1.2E+15,2023-09-27T11:52:23
RITES,INE320J01015,27/09/23,NSE,EQ,EQ,buy,FALSE,76,496,64384603,1.3E+15,2023-09-27T13:47:41
RITES,INE320J01015,27/09/23,NSE,EQ,EQ,buy,FALSE,6,495.95,64384600,1.3E+15,2023-09-27T13:47:41
RITES,INE320J01015,27/09/23,NSE,EQ,EQ,buy,FALSE,63,495.95,64384601,1.3E+15,2023-09-27T13:47:41
RITES,INE320J01015,27/09/23,NSE,EQ,EQ,buy,FALSE,5,495.95,64384602,1.3E+15,2023-09-27T13:47:41
INDUSTOWER,INE121J01017,27/09/23,NSE,EQ,EQ,buy,FALSE,46,190.5,24514447,1.1E+15,2023-09-27T13:51:51
INDUSTOWER,INE121J01017,27/09/23,NSE,EQ,EQ,buy,FALSE,15,190.5,24515330,1.1E+15,2023-09-27T13:51:54
INDUSTOWER,INE121J01017,27/09/23,NSE,EQ,EQ,buy,FALSE,239,190.5,24515331,1.1E+15,2023-09-27T13:51:54
CARERATING,INE752H01013,27/09/23,NSE,EQ,EQ,buy,FALSE,30,867.5,3159096,1E+15,2023-09-27T13:57:50
CARERATING,INE752H01013,27/09/23,NSE,EQ,EQ,buy,FALSE,90,867.5,3159097,1E+15,2023-09-27T13:57:50
HUDCO,INE031A01017,27/09/23,NSE,EQ,EQ,buy,FALSE,750,89.1,24827502,1.1E+15,2023-09-27T14:13:01
RBLBANK,INE976G01028,29/09/23,BSE,EQ,A,sell,FALSE,5,247.25,2737900,1.69596E+18,2023-09-29T10:26:33
RBLBANK,INE976G01028,29/09/23,BSE,EQ,A,sell,FALSE,242,247.25,2766100,1.69596E+18,2023-09-29T10:28:21
RBLBANK,INE976G01028,29/09/23,BSE,EQ,A,sell,FALSE,242,247.25,2766300,1.69596E+18,2023-09-29T10:28:21
RBLBANK,INE976G01028,29/09/23,BSE,EQ,A,sell,FALSE,11,247.25,2766500,1.69596E+18,2023-09-29T10:28:21
GLENMARK,INE935A01035,29/09/23,BSE,EQ,A,sell,FALSE,2,843,3651000,1.69597E+18,2023-09-29T12:48:01
GLENMARK,INE935A01035,29/09/23,BSE,EQ,A,sell,FALSE,10,843,3651200,1.69597E+18,2023-09-29T12:48:01
GLENMARK,INE935A01035,29/09/23,BSE,EQ,A,sell,FALSE,9,843,3650800,1.69597E+18,2023-09-29T12:48:01
GLENMARK,INE935A01035,29/09/23,BSE,EQ,A,sell,FALSE,3,843,3650600,1.69597E+18,2023-09-29T12:48:01
GLENMARK,INE935A01035,29/09/23,BSE,EQ,A,sell,FALSE,81,843,3650400,1.69597E+18,2023-09-29T12:48:01
GLENMARK,INE935A01035,29/09/23,BSE,EQ,A,sell,FALSE,1,843,3651800,1.69597E+18,2023-09-29T12:48:05
GLENMARK,INE935A01035,29/09/23,BSE,EQ,A,sell,FALSE,30,843,3651600,1.69597E+18,2023-09-29T12:48:05
GLENMARK,INE935A01035,29/09/23,BSE,EQ,A,sell,FALSE,14,843,3652000,1.69597E+18,2023-09-29T12:48:07
GAIL,INE129A01019,29/09/23,BSE,EQ,A,sell,FALSE,500,124.2,5163300,1.69598E+18,2023-09-29T15:06:53
JUBLFOOD,INE797F01020,29/09/23,NSE,EQ,EQ,sell,FALSE,100,532.4,46128469,1.2E+15,2023-09-29T15:28:13
GLENMARK,INE935A01035,03/10/23,NSE,EQ,EQ,buy,FALSE,10,849.8,21620742,1.1E+15,2023-10-03T10:06:15
GLENMARK,INE935A01035,03/10/23,NSE,EQ,EQ,buy,FALSE,90,849.8,21620743,1.1E+15,2023-10-03T10:06:15
IRCTC,INE335Y01020,04/10/23,NSE,EQ,EQ,buy,FALSE,35,698.1,24523789,1.1E+15,2023-10-04T13:00:32
IRCTC,INE335Y01020,04/10/23,NSE,EQ,EQ,buy,FALSE,26,698.1,24523784,1.1E+15,2023-10-04T13:00:32
IRCTC,INE335Y01020,04/10/23,NSE,EQ,EQ,buy,FALSE,39,698.1,24523796,1.1E+15,2023-10-04T13:00:32
IRCTC,INE335Y01020,04/10/23,NSE,EQ,EQ,buy,FALSE,50,698.5,24643635,1.1E+15,2023-10-04T13:05:42
IRCTC,INE335Y01020,04/10/23,NSE,EQ,EQ,buy,FALSE,27,699,24656341,1.1E+15,2023-10-04T13:06:07
IRCTC,INE335Y01020,04/10/23,NSE,EQ,EQ,buy,FALSE,23,698.95,24656340,1.1E+15,2023-10-04T13:06:07
EMAMILTD,INE548C01032,04/10/23,NSE,EQ,EQ,buy,FALSE,2,539.1,26050615,1.1E+15,2023-10-04T14:37:26
EMAMILTD,INE548C01032,04/10/23,NSE,EQ,EQ,buy,FALSE,5,539.2,26057056,1.1E+15,2023-10-04T14:37:56
EMAMILTD,INE548C01032,04/10/23,NSE,EQ,EQ,buy,FALSE,3,539.95,26063666,1.1E+15,2023-10-04T14:38:29
EMAMILTD,INE548C01032,04/10/23,NSE,EQ,EQ,buy,FALSE,23,539.95,26063667,1.1E+15,2023-10-04T14:38:29
EMAMILTD,INE548C01032,04/10/23,NSE,EQ,EQ,buy,FALSE,57,539.9,26063663,1.1E+15,2023-10-04T14:38:29
EMAMILTD,INE548C01032,04/10/23,NSE,EQ,EQ,buy,FALSE,29,539.65,26063656,1.1E+15,2023-10-04T14:38:29
EMAMILTD,INE548C01032,04/10/23,NSE,EQ,EQ,buy,FALSE,5,539.75,26063657,1.1E+15,2023-10-04T14:38:29
EMAMILTD,INE548C01032,04/10/23,NSE,EQ,EQ,buy,FALSE,5,539.75,26063658,1.1E+15,2023-10-04T14:38:29
EMAMILTD,INE548C01032,04/10/23,NSE,EQ,EQ,buy,FALSE,6,539.8,26063659,1.1E+15,2023-10-04T14:38:29
EMAMILTD,INE548C01032,04/10/23,NSE,EQ,EQ,buy,FALSE,1,539.8,26063660,1.1E+15,2023-10-04T14:38:29
EMAMILTD,INE548C01032,04/10/23,NSE,EQ,EQ,buy,FALSE,29,539.85,26063661,1.1E+15,2023-10-04T14:38:29
EMAMILTD,INE548C01032,04/10/23,NSE,EQ,EQ,buy,FALSE,2,539.9,26063662,1.1E+15,2023-10-04T14:38:29
EMAMILTD,INE548C01032,04/10/23,NSE,EQ,EQ,buy,FALSE,12,539.9,26063664,1.1E+15,2023-10-04T14:38:29
EMAMILTD,INE548C01032,04/10/23,NSE,EQ,EQ,buy,FALSE,21,539.95,26063665,1.1E+15,2023-10-04T14:38:29
SOBHA,INE671H01015,06/10/23,NSE,EQ,EQ,buy,FALSE,100,713.5,62547010,1.3E+15,2023-10-06T11:27:54
CARERATING,INE752H01013,09/10/23,BSE,EQ,A,sell,FALSE,3,906.5,91409400,1.69684E+18,2023-10-09T12:55:30
CARERATING,INE752H01013,09/10/23,BSE,EQ,A,sell,FALSE,117,906.5,91409600,1.69684E+18,2023-10-09T12:55:30
INFY,INE009A01021,10/10/23,NSE,EQ,EQ,sell,FALSE,68,1477.4,20883377,1.1E+15,2023-10-10T09:43:26
INFY,INE009A01021,10/10/23,NSE,EQ,EQ,sell,FALSE,22,1477.55,20883376,1.1E+15,2023-10-10T09:43:26
AUROPHARMA,INE406A01037,10/10/23,NSE,EQ,EQ,sell,FALSE,14,907.7,646844,1E+15,2023-10-10T09:43:34
AUROPHARMA,INE406A01037,10/10/23,NSE,EQ,EQ,sell,FALSE,21,907.65,646845,1E+15,2023-10-10T09:43:34
AUROPHARMA,INE406A01037,10/10/23,NSE,EQ,EQ,sell,FALSE,21,907.6,646846,1E+15,2023-10-10T09:43:34
AUROPHARMA,INE406A01037,10/10/23,NSE,EQ,EQ,sell,FALSE,1,907.55,646847,1E+15,2023-10-10T09:43:34
AUROPHARMA,INE406A01037,10/10/23,NSE,EQ,EQ,sell,FALSE,23,907.55,646848,1E+15,2023-10-10T09:43:34
AUROPHARMA,INE406A01037,10/10/23,NSE,EQ,EQ,sell,FALSE,1,907.55,646849,1E+15,2023-10-10T09:43:34
AUROPHARMA,INE406A01037,10/10/23,NSE,EQ,EQ,sell,FALSE,1,907.7,646842,1E+15,2023-10-10T09:43:34
AUROPHARMA,INE406A01037,10/10/23,NSE,EQ,EQ,sell,FALSE,18,907.7,646843,1E+15,2023-10-10T09:43:34
HCLTECH,INE860A01027,10/10/23,NSE,EQ,EQ,buy,FALSE,1,1255.5,23937897,1.1E+15,2023-10-10T13:03:14
HCLTECH,INE860A01027,10/10/23,NSE,EQ,EQ,buy,FALSE,1,1255.5,23937891,1.1E+15,2023-10-10T13:03:14
HCLTECH,INE860A01027,10/10/23,NSE,EQ,EQ,buy,FALSE,1,1255.5,23937892,1.1E+15,2023-10-10T13:03:14
HCLTECH,INE860A01027,10/10/23,NSE,EQ,EQ,buy,FALSE,1,1255.5,23937893,1.1E+15,2023-10-10T13:03:14
HCLTECH,INE860A01027,10/10/23,NSE,EQ,EQ,buy,FALSE,31,1255.5,23937894,1.1E+15,2023-10-10T13:03:14
HCLTECH,INE860A01027,10/10/23,NSE,EQ,EQ,buy,FALSE,20,1255.5,23937895,1.1E+15,2023-10-10T13:03:14
HCLTECH,INE860A01027,10/10/23,NSE,EQ,EQ,buy,FALSE,15,1255.5,23937896,1.1E+15,2023-10-10T13:03:14
HCLTECH,INE860A01027,10/10/23,NSE,EQ,EQ,buy,FALSE,1,1255.5,23937898,1.1E+15,2023-10-10T13:03:14
HCLTECH,INE860A01027,10/10/23,NSE,EQ,EQ,buy,FALSE,29,1255.5,23937899,1.1E+15,2023-10-10T13:03:14
VGUARD,INE951I01027,10/10/23,NSE,EQ,EQ,buy,FALSE,24,296,65286810,1.3E+15,2023-10-10T15:00:04
VGUARD,INE951I01027,10/10/23,NSE,EQ,EQ,buy,FALSE,55,296,65286811,1.3E+15,2023-10-10T15:00:04
VGUARD,INE951I01027,10/10/23,NSE,EQ,EQ,buy,FALSE,6,296,65286812,1.3E+15,2023-10-10T15:00:04
VGUARD,INE951I01027,10/10/23,NSE,EQ,EQ,buy,FALSE,165,296,65286813,1.3E+15,2023-10-10T15:00:04
BALMLAWRIE,INE164A01016,11/10/23,NSE,EQ,EQ,buy,FALSE,1,145.7,1348365,1E+15,2023-10-11T10:23:12
BALMLAWRIE,INE164A01016,11/10/23,NSE,EQ,EQ,buy,FALSE,53,145.8,1348366,1E+15,2023-10-11T10:23:12
BALMLAWRIE,INE164A01016,11/10/23,NSE,EQ,EQ,buy,FALSE,132,145.8,1348367,1E+15,2023-10-11T10:23:12
BALMLAWRIE,INE164A01016,11/10/23,NSE,EQ,EQ,buy,FALSE,42,145.8,1348368,1E+15,2023-10-11T10:23:12
BALMLAWRIE,INE164A01016,11/10/23,NSE,EQ,EQ,buy,FALSE,50,145.85,1348369,1E+15,2023-10-11T10:23:12
BALMLAWRIE,INE164A01016,11/10/23,NSE,EQ,EQ,buy,FALSE,50,145.85,1348370,1E+15,2023-10-11T10:23:12
BALMLAWRIE,INE164A01016,11/10/23,NSE,EQ,EQ,buy,FALSE,132,145.85,1348371,1E+15,2023-10-11T10:23:12
BALMLAWRIE,INE164A01016,11/10/23,NSE,EQ,EQ,buy,FALSE,40,145.85,1348372,1E+15,2023-10-11T10:23:12
GNFC,INE113A01013,16/10/23,BSE,EQ,A,sell,FALSE,150,674.65,15084100,1.69744E+18,2023-10-16T14:36:18
SWANENERGY,INE665A01038,17/10/23,NSE,EQ,EQ,sell,FALSE,58,317.5,63281365,1.3E+15,2023-10-17T12:13:21
SWANENERGY,INE665A01038,17/10/23,NSE,EQ,EQ,sell,FALSE,138,317.5,63281362,1.3E+15,2023-10-17T12:13:21
SWANENERGY,INE665A01038,17/10/23,NSE,EQ,EQ,sell,FALSE,100,317.5,63281363,1.3E+15,2023-10-17T12:13:21
SWANENERGY,INE665A01038,17/10/23,NSE,EQ,EQ,sell,FALSE,4,317.5,63281364,1.3E+15,2023-10-17T12:13:21
NFL,INE870D01012,17/10/23,BSE,EQ,A,sell,FALSE,1000,76.8,67567000,1.69752E+18,2023-10-17T12:13:36
SOBHA,INE671H01015,17/10/23,NSE,EQ,EQ,sell,FALSE,100,771.5,63286522,1.3E+15,2023-10-17T12:13:48
METROPOLIS,INE112L01020,17/10/23,NSE,EQ,EQ,sell,FALSE,17,1531.15,44763280,1.2E+15,2023-10-17T14:02:35
METROPOLIS,INE112L01020,17/10/23,NSE,EQ,EQ,sell,FALSE,48,1531.1,44763281,1.2E+15,2023-10-17T14:02:35
COALINDIA,INE522F01014,18/10/23,NSE,EQ,EQ,buy,FALSE,250,317.5,1775631,1E+15,2023-10-18T10:54:24
VEDL,INE205A01025,18/10/23,NSE,EQ,EQ,buy,FALSE,100,230.1,63077047,1.3E+15,2023-10-18T11:47:57
ITC,INE154A01025,18/10/23,NSE,EQ,EQ,buy,FALSE,200,454.2,23192679,1.1E+15,2023-10-18T11:50:38
BPCL,INE029A01011,18/10/23,NSE,EQ,EQ,buy,FALSE,1,354,2461008,1E+15,2023-10-18T11:54:13
BPCL,INE029A01011,18/10/23,NSE,EQ,EQ,buy,FALSE,1,354,2461009,1E+15,2023-10-18T11:54:13
BPCL,INE029A01011,18/10/23,NSE,EQ,EQ,buy,FALSE,6,354,2461010,1E+15,2023-10-18T11:54:13
BPCL,INE029A01011,18/10/23,NSE,EQ,EQ,buy,FALSE,96,354.05,2461011,1E+15,2023-10-18T11:54:13
BPCL,INE029A01011,18/10/23,NSE,EQ,EQ,buy,FALSE,85,354.05,2461012,1E+15,2023-10-18T11:54:13
BPCL,INE029A01011,18/10/23,NSE,EQ,EQ,buy,FALSE,44,354.05,2461013,1E+15,2023-10-18T11:54:13
BPCL,INE029A01011,18/10/23,NSE,EQ,EQ,buy,FALSE,1,354,2461006,1E+15,2023-10-18T11:54:13
BPCL,INE029A01011,18/10/23,NSE,EQ,EQ,buy,FALSE,44,354,2461001,1E+15,2023-10-18T11:54:13
BPCL,INE029A01011,18/10/23,NSE,EQ,EQ,buy,FALSE,15,354,2461002,1E+15,2023-10-18T11:54:13
BPCL,INE029A01011,18/10/23,NSE,EQ,EQ,buy,FALSE,4,354,2461003,1E+15,2023-10-18T11:54:13
BPCL,INE029A01011,18/10/23,NSE,EQ,EQ,buy,FALSE,1,354,2461004,1E+15,2023-10-18T11:54:13
BPCL,INE029A01011,18/10/23,NSE,EQ,EQ,buy,FALSE,1,354,2461005,1E+15,2023-10-18T11:54:13
BPCL,INE029A01011,18/10/23,NSE,EQ,EQ,buy,FALSE,1,354,2461007,1E+15,2023-10-18T11:54:13
PARAS,INE045601015,18/10/23,NSE,EQ,EQ,buy,FALSE,100,748.85,45071631,1.2E+15,2023-10-18T14:09:15
VGUARD,INE951I01027,19/10/23,NSE,EQ,EQ,sell,FALSE,7,311.55,62036601,1.3E+15,2023-10-19T10:29:59
VGUARD,INE951I01027,19/10/23,NSE,EQ,EQ,sell,FALSE,55,311.5,62036614,1.3E+15,2023-10-19T10:29:59
VGUARD,INE951I01027,19/10/23,NSE,EQ,EQ,sell,FALSE,2,311.5,62036613,1.3E+15,2023-10-19T10:29:59
VGUARD,INE951I01027,19/10/23,NSE,EQ,EQ,sell,FALSE,76,311.5,62036612,1.3E+15,2023-10-19T10:29:59
VGUARD,INE951I01027,19/10/23,NSE,EQ,EQ,sell,FALSE,2,311.5,62036611,1.3E+15,2023-10-19T10:29:59
VGUARD,INE951I01027,19/10/23,NSE,EQ,EQ,sell,FALSE,16,311.55,62036610,1.3E+15,2023-10-19T10:29:59
VGUARD,INE951I01027,19/10/23,NSE,EQ,EQ,sell,FALSE,3,311.55,62036609,1.3E+15,2023-10-19T10:29:59
